4116 6022
274 544 304 590 55

256 4484 299 4534 ltu

252 4921 294 4969 tto

319 409 375 464 llll

761 419 1020 481 AN'l‘llOLOGLll
1040 423 1190 490 GllAECAE
1210 433 1437 497 APPENDlClS

434 543 500 617 πρὸς
516 542 589 598 ἄλλα
600 549 721 622 κρείττω,
740 547 834 622 μείζω.

436 629 515 705 Πηγῆ
530 630 603 686 τελεῖ
614 636 667 710 γάρ
679 633 781 708 λήθην,

434 714 508 786 άλλη
526 717 611 794 μέθην
624 725 697 776 ποιεῖ
710 719 750 786 δέ,

434 801 507 874 άλλη
523 802 548 860 δ’
563 805 654 862 έλαιον
671 807 776 882 βλύζει,

434 889 507 962 άλλη
521 893 598 969 γάλα
611 899 756 972 προτείνει·

433 981 480 1033 καί
493 999 545 1034 που
557 980 686 1059 τροχάζει
698 988 774 1060 νᾶμα

432 1072 540 1136 πτηνῶν
555 1071 621 1134 ἄκος
632 1076 795 1127 νοσούντων·

432 1157 478 1208 καί
490 1174 544 1210 που
557 1155 687 1214 ποθοῦσιν
702 1155 775 1214 οίνον

434 1245 564 1320 μίοηπρόν
579 1247 649 1300 έοτιν
663 1243 748 1324 ύδωρ.

430 1331 484 1384 Καί
496 1350 550 1386 που
565 1335 647 1409 μέσον
661 1330 800 1404 θαλάσσης

429 1415 512 1482 πίδαξ
527 1416 755 1496 άναρροιόδιῑται,

431 1507 477 1560 καὶ
489 1511 641 1582 χασμάτων
657 1511 793 1564 έκπνεῑται

429 1592 605 1671 προλεκτικόν
619 1615 673 1652 που
687 1601 805 1672 πνεῦμα.

430 1666 572 1756 ,λσιραλτον
588 1682 662 1753 άλλη
676 1687 714 1760 γῆ
731 1682 760 1738 δέ

429 1789 484 1832 πως
499 1765 601 1844 έξάγιι·
617 1775 643 1824 τί
656 1775 753 1838 καῦσος

428 1835 452 1910 t't
468 1854 615 1932 θαυμάτων
628 1860 659 1913 τό
673 1857 782 1934 θαύμαί

427 1945 504 2018 πηγὴ
520 1944 597 2020 ψόγῳ
613 1943 753 2010 θολοῦτπι,

428 2033 576 2107 αἱνουμένη
593 2030 622 2088 δέ
635 2031 741 2109 λάμπει

427 2102 513 2174 ,λλλοι
523 2118 650 2195 λέγουσιν
663 2119 753 2191 ἄλλην

427 2211 559 2282 κρυπτοὺς
573 2205 672 2271 δόλους
685 2208 817 2286 ἐλέγχειν·

428 2292 517 2364 ἄλλην
531 2295 696 2372 καθαρτικήν
711 2293 740 2352 δὲ

425 2385 523 2456 χυμῶν
538 2387 626 2458 μόνων
642 2381 815 2461 θρυλλοῦσιν·

426 2467 516 2539 ἄλλην
531 2468 617 2546 δέμας
631 2477 770 2548 κρατύνειν

423 2559 526 2642 γαῦνον
539 2553 727 2634 διῖοτοροῦσιν.

423 2640 498 2720 Υδωρ
513 2645 608 2721 πικρόν
622 2642 695 2700 τελεῖ
709 2642 738 2699 δέ

424 2733 478 2805 ρῶς
490 2730 574 2801 ἡλίου
587 2728 734 2796 καυσῶδες,

426 2820 441 2872 θ
455 2815 503 2883 νὺξ
517 2818 673 2896 γλυκαίνειν
689 2816 761 2874 οίδιν

423 2908 459 2970 εἰς
471 2903 634 2978 ήδύληπτον
649 2904 732 2972 ῐλξιν.

423 2979 512 3058 θλύος
525 2992 555 3049 δέ
569 2999 662 3070 πηγῆς
676 2997 731 3050 lori

422 3085 499 3155 φύσιν
513 3084 586 3136 κάτω
599 3083 650 3152 τὴν
663 3087 781 3158 κούρην,

421 3167 507 3238 ὁλκὴν
523 3166 552 3222 δέ
566 3171 616 3238 τήν
634 3169 746 3246 βαρεῖαν

422 3257 476 3308 άνω
492 3259 578 3332 φέρων
593 3258 629 3319 ὡς
641 3258 740 3333 ἄχνην.

419 3326 508 3405 ,illoc
522 3341 551 3396 δέ
567 3344 629 3419 ῥοῦς
643 3349 737 3421 μιαρός
750 3363 794 3399 σοι

417 3431 446 3493 lic
460 3433 592 3506 σωμάτων
606 3433 654 3497 τάς
669 3431 776 3497 θλάσεις

419 3519 503 3572 ὀστῶν
518 3538 547 3574 τε
559 3521 607 3582 τὰς
619 3516 744 3585 κατάξεις

419 3609 534 3682 σφίγγει,
550 3608 650 3684 τρέφει,
666 3610 776 3666 πιαίνει.

419 3692 512 3757 Θέλεις
525 3697 660 3772 προσοίσω
675 3693 777 3768 πλείω;

419 3765 508 3851 liores,
522 3779 646 3857 λέγουσι,
660 3785 747 3857 νάμα.

417 3868 482 3944 ὅπερ
500 3866 593 3942 βαλὼν
610 3871 646 3930 ιίς
660 3869 754 3945 ἄγγος,

417 3958 440 4009 εἰ
453 3951 526 4020 νυξὶν
542 3953 700 4034 αἰθριάζοις,

416 4041 675 4120 κρυσταλλόπηκτον
690 4041 787 4120 εὕροις.

416 4115 505 4202 ίύστιν,
521 4129 658 4207 λέγουσιν,
676 4130 747 4187 tlte

416 4214 444 4280 ἐξ
457 4213 489 4272 ού
504 4222 573 4274 πιεῖν
587 4217 741 4296 προκύψας,

415 4299 495 4358 θῦνον
512 4302 630 4378 βλέπεις,
645 4325 673 4360 σε
686 4309 797 4383 φεῦγον,

453 4410 465 4455 ς
482 4392 584 4470 μητρός
599 4394 634 4457 ὡς
648 4395 674 4448 έν
689 4391 812 4457 κόλποις.

434 4499 489 4534 στιν
502 4477 532 4534 δέ
547 4481 610 4558 ρούς
625 4478 656 4558 (ὢ
673 4479 796 4560 θαύμαί)

414 4568 452 4632 ὃς,
469 4569 493 4621 cl
506 4562 643 4633 διδέξεταί
654 4587 691 4632 τι,

412 4652 489 4710 λίθον
503 4652 577 4711 τιλιί
587 4675 619 4711 το
634 4659 751 4733 πρᾶγμα

415 4742 442 4796 ίν
456 4743 575 4821 ἡμέραις
586 4745 618 4799 ού
633 4741 781 4810 πλείσταις.

409 4812 504 4899 λλλην
514 4827 626 4906 λέγουσι
640 4833 744 4908 κρήνην

416 4913 506 4993 βραχύ
523 4915 657 4994 βρύουσαν
673 4915 756 4995 ύδωρ,

406 5003 476 5071 ἥτις,
493 5006 626 5080 παρόντος
639 5002 739 5081 όχλου,

406 5089 492 5145 πλείω
508 5087 602 5147 δίδωσι
616 5091 717 5170 ῥεῖθρα.

407 5161 500 5250 Ᾰλλην
515 5176 544 5235 δέ
558 5199 612 5236 που
625 5183 793 5255 πιστοῦνται,

1227 589 1282 642 prae
1296 571 1356 630 eliis
1371 589 1533 647 potrormus‚
1548 583 1708 656 majoribus.

1225 657 1247 712 F
1248 675 1298 716 ons
1308 659 1379 717 euim
1391 663 1475 722 elficit
1487 667 1658 742 oblivionem,

1228 743 1297 801 alius
1308 747 1468 808 ebrietatem
1483 755 1566 826 perit,

1228 831 1351 907 aliusque
1364 837 1424 894 oleo
1439 847 1537 912 scatet,

1228 918 1297 976 ulius
1310 921 1352 979 lec
1364 925 1519 998 proluudit;

1229 1013 1257 1062 et
1271 1006 1369 1067 alicubi
1383 1012 1502 1070 decurrit
1517 1017 1590 1074 lelex

1229 1092 1340 1152 alitibus
1353 1099 1503 1157 remedium
1518 1107 1716 1177 egrotantibus
1733 1128 1740 1165 :

1229 1186 1257 1236 et
1270 1180 1368 1240 elicubi
1381 1187 1536 1244 ementibus
1547 1190 1602 1246 viui

1229 1267 1260 1322 εἰι
1272 1271 1368 1326 etum
1383 1272 1536 1332 odii-causo
1547 1294 1620 1351 uque
1632 1289 1683 1336 est.

1230 1353 1264 1409 Et
1277 1354 1377 1414 alicubi
1389 1361 1479 1418 medio
1492 1364 1560 1419 muri

1229 1443 1355 1514 scatebra
1369 1452 1716 1527 eructetur-cum-lmgore‚

1229 1535 1257 1582 et
1267 1532 1446 1603 voraginibus
1460 1536 1570 1593 elllutur

1228 1617 1405 1688 propheticus
1420 1621 1511 1678 deluo.

1228 1701 1353 1760 Bitumeu
1368 1707 1421 1762 ulie
1436 1709 1544 1782 quidem
1559 1718 1633 1769 term

1228 1791 1345 1860 quodem
1358 1797 1438 1852 modo
1451 1797 1562 1855 educit:
1575 1801 1640 1875 quid
1655 1803 1727 1860 hoc?

1227 1877 1249 1932 0
1263 1879 1451 1940 miraculorum
1465 1886 1635 1944 miraculum!

1225 1967 1285 2024 lone
1300 1968 1498 2043 vituperatione
1512 1977 1646 2048 turbatur,

1226 2054 1352 2112 laudatus
1366 2067 1456 2114 eutem
1467 2061 1602 2135 splendet.

1224 2141 1277 2196 Alii
1290 2143 1385 2200 dicunt
1395 2145 1476 2204 ulium

1225 2228 1345 2286 occultos
1358 2231 1436 2288 dolos
1449 2250 1564 2308 urguere
1580 2255 1587 2294 :

1224 2315 1305 2372 alium
1320 2318 1356 2373 ud
1367 2321 1625 2392 purgandos-valere

1224 2403 1391 2462 solummodo
1406 2407 1533 2466 humores
1547 2411 1750 2485 vulgonerruut
1766 2437 1773 2472 :

1225 2490 1307 2546 elium
1319 2509 1419 2566 corpus
1432 2495 1544 2553 drmure

1223 2576 1361 2634 delossum
1375 2580 1529 2653 perhibent.

1222 2665 1327 2735 Aquam
1338 2682 1457 2722 umorem
1471 2668 1554 2727 efficit
1567 2672 1674 2744 quidem

1222 2751 1287 2806 solis
1301 2751 1390 2810 lumen
1404 2754 1513 2824 urdene,

1223 2855 1277 2896 uox
1292 2857 1373 2912 quem
1385 2842 1490 2898 dulcem
1505 2845 1619 2903 reddere
1635 2851 1696 2915 scit,

1221 2943 1308 3000 usque
1324 2927 1359 2983 ad
1371 2938 1574 3004 suuvcmcoptu
1590 2935 1727 2992 haustum.

1220 3015 1314 3072 Fontis
1328 3021 1418 3074 eutem
1431 3016 1547 3076 lelicit'us
1563 3029 1606 3078 est

1219 3103 1360 3160 materiem
1373 3103 1500 3161 deorsum
1514 3106 1599 3164 levem

1221 3188 1381 3263 pondusque
1395 3208 1478 3262 greve

1219 3291 1327 3330 sursum
1339 3275 1410 3332 lorrc
1427 3285 1456 3333 ut
1468 3277 1597 3351 glumam.

1219 3359 1300 3416 Aliud
1313 3369 1403 3419 autem
1416 3363 1546 3422 fluentum
1561 3385 1672 3440 pureum
1687 3371 1747 3439 tibi,

1218 3448 1291 3521 quod
1305 3467 1447 3523 corporum
1461 3453 1635 3510 contusiones

1217 3535 1374 3609 ossiumque
1387 3538 1521 3596 fracturus

1217 3621 1394 3693 conglutinat,
1409 3641 1504 3695 corpus
1517 3627 1604 3684 nutrit
1617 3636 1646 3686 et
1660 3631 1837 3705 pinguefacit.

1220 3708 1303 3764 Visne
1319 3709 1428 3766 edorum
1444 3712 1545 3782 plum?

1218 3796 1274 3862 Est,
1289 3795 1391 3864 dicunt,
1407 3794 1482 3853 latex

1215 3899 1295 3954 quem
1308 3881 1427 3938 inlusum
1439 3883 1468 3938 in
1482 3902 1575 3941 urnam

1215 3967 1237 4022 si
1253 3974 1334 4023 noctu
1347 3967 1598 4041 sub-dio-colloces,

1214 4053 1470 4126 glacie-concretum
1486 4057 1618 4119 inuenies.

1216 4141 1273 4210 Est,
1289 4141 1375 4213 aiunt,
1388 4143 1457 4200 elius

1214 4246 1249 4284 ex
1263 4244 1316 4301 quo
1331 4225 1355 4286 si
1366 4229 1402 4286 ed
1415 4229 1561 4290 bibendum
1577 4236 1799 4310 teduclinaveris,

1213 4332 1274 4370 eum
1287 4315 1402 4385 ridebis,
1418 4326 1449 4374 ut
1462 4321 1506 4393 qui
1519 4328 1547 4377 tu
1558 4322 1656 4396 lugiet,
1667 4325 1863 4401 ingredientem

1213 4402 1290 4474 quusi
1302 4402 1330 4459 iu
1343 4411 1423 4462 terrm
1436 4408 1531 4474 metris
1543 4409 1640 4470 sinum.

1214 4491 1262 4547 Est
1273 4497 1364 4548 eutem
1375 4493 1505 4550 fluentum
1519 4503 1545 4564 (ο
1559 4498 1741 4575 miraculumll

1211 4577 1294 4651 quod,
1310 4579 1333 4636 sl
1347 4579 1412 4653 quid
1424 4584 1566 4656 receperit,

1211 4663 1329 4738 lapidem
1342 4666 1426 4724 efficit
1439 4669 1492 4726 hoc
1506 4669 1598 4744 ipsum

1210 4751 1307 4810 diebus
1320 4769 1374 4810 nou
1386 4754 1518 4828 plurimis.

1209 4838 1298 4896 Alium
1310 4838 1403 4899 dicunt
1416 4841 1518 4900 fontem
1555 4871 1557 4876 v

1209 4943 1304 5000 perum
1318 4927 1484 4987 emittentem
1498 4949 1583 5005 uquoe,

1209 5013 1266 5085 qui,
1279 5013 1405 5072 edetuute
1419 5017 1509 5087 turbo,

1208 5098 1288 5172 pluro
1301 5101 1348 5158 det
1361 5103 1472 5161 llueutt.

1206 5185 1294 5242 Alium
1308 5187 1406 5245 alicubi
1418 5191 1551 5248 elllrureut
1564 5210 1620 5250 erse
