4116 6022
749 390 1006 452 ANTHOLOGIAE
1028 386 1180 447 GllAECAE
1200 389 1430 448 APPENDlClS

418 522 526 594 κτίζων,
543 525 627 600 ἄγων,
644 523 752 589 ίδύνων,

420 618 528 692 κιρνῶν,
544 612 663 678 πλίκων,
681 614 716 678 ῶς
728 610 796 676 οίδι,

420 703 486 778 πρὸς
501 700 595 777 θαῦμα
609 703 657 757 καί
670 699 799 779 λατρείαν

421 793 513 864 φύσεις
527 792 619 864 σαρῶς
634 790 740 866 ίγείριι.

420 879 521 932 Τοῦτον
536 876 615 932 κάλει
629 873 689 932 βιόν
705 896 765 940 σου,

420 968 516 1019 τοῦτον
532 965 609 1041 epesi
623 960 773 1041 φαντάζου,

424 1049 511 1127 μηδὲν
525 1055 615 1107 τυπῶν
629 1051 696 1128 πρὸς
707 1047 789 1121 ιίδος,

423 1142 447 1193 εί
463 1140 502 1214 μὴ
519 1138 605 1204 teter<
616 1158 648 1214 γε
660 1139 776 1195 πταίιιν.

422 1210 563 1303 Ᾰγνωστόν
579 1227 636 1282 ίστι
648 1229 768 1300 πνεῦμα,

423 1317 541 1394 ἄρρητόν
557 1317 613 1371 ἐστι
626 1318 754 1393 πρᾶγμα,

423 1403 543 1475 ἄληκτόν
559 1405 615 1459 ἐστι
628 1400 734 1478 θαῦμα,

423 1493 720 1570 ἀναρχορωτόμυστον,

425 1578 755 1658 ἁρρητολιπτόπνευστον,

425 1673 546 1744 κόσμους
559 1670 640 1744 ρίρον
654 1669 702 1721 καί
718 1664 792 1740 βίους

426 1759 452 1812 ἐν
466 1759 597 1831 πανσόριρ
610 1756 716 1831 χωρίῳ,

426 1845 453 1899 iv
469 1841 563 1919 ἐνδίκῳ
578 1844 703 1919 προνοίᾳ.

425 1932 503 1988 Οὕτω
517 1933 552 1988 τὰ
567 1926 765 2008 palaestrides,

422 2021 456 2074 τὰ
472 2017 496 2074 δ’
512 2015 546 2074 αὖ
564 2014 657 2094 βίβλοι
672 2015 784 2092 βοῶσιν,

423 2111 458 2163 τὰ
473 2106 497 2164 δ’
512 2104 547 2162 αὖ
561 2100 660 2177 seriis
675 2108 766 2183 πιῖρα,

424 2199 471 2252 καί
484 2199 571 2260 πίστις
583 2197 640 2251 ἐστὶ
651 2196 758 2255 πάντως

423 2286 459 2340 τὰ
473 2282 548 2354 δῆλα
560 2286 613 2338 τῶν
628 2279 753 2352 ἀδήλων,

345 2409 355 2434 ι
424 2374 459 2428 τὰ
475 2373 559 2450 μικρὰ
571 2374 623 2426 τῶν
703 2387 782 2424 στων.

426 2461 534 2517 Τούτων
549 2461 657 2514 σκοπῶν
669 2457 701 2510 τὸ
716 2453 821 2530 θαῦμα,

425 2545 500 2618 οίδα,
515 2545 599 2602 πλίον
613 2542 743 2614 ποθήσεις

425 2638 475 2708 τὴν
489 2639 670 2713 τρισσόρωτον
685 2635 794 2708 ραϋσιν,

425 2722 517 2781 ποδῶν
532 2721 562 2778 δὲ
577 2723 624 2776 καὶ
638 2716 776 2789 ζητήσεις·

427 2810 516 2884 ζητῶν
532 2808 562 2865 δὲ
575 2811 622 2864 καί
635 2805 743 2868 βιώσεις

429 2903 560 2978 μιτουσίηι
574 2899 604 2954 τὸ
616 2899 746 2974 κρεῖττον.

545 3051 594 3107 tt.
617 3041 834 3102 naesttotort.

370 3175 410 3230 Εἰς
421 3173 452 3222 τὰ
464 3168 616 3234 Ναυμαχιιιὰ
629 3164 794 3230 συνταχθέντα
803 3163 870 3226 παρὰ
882 3161 1006 3210 Βασιλιίου

470 3255 604 3320 Πατρικίου
618 3251 660 3302 καί
672 3246 913 3315 Παρακοιμωμίνου.

309 3388 446 3445 Αὐσονίων
461 3387 558 3461 σοφίης
572 3377 767 3456 δεδιδαγμένος
782 3371 867 3452 ἔξοχα
882 3375 958 3452 ἔργα,

310 3478 357 3531 καί
371 3477 464 3551 στίχας
476 3471 529 3543 ἡδί
542 3469 686 3547 φάλαγγας
696 3463 731 3521 ἰδ’
743 3466 878 3542 ἁρραγίας
891 3458 1055 3540 παρατάξας

311 3563 440 3627 ὁπλιτῶν,
456 3559 592 3639 πρυλίων,
609 3557 745 3635 κρατερῶν
759 3551 843 3608 πάλιν
856 3553 1072 3628 ίπποκορυστῶν,

311 3655 457 3730 ίστορικαίς
470 3646 631 3714 esttamen,
651 3645 696 3701 ὑπ’
712 3645 842 3719 σύγινίων
859 3638 1001 3715 βασιλήων

284 3759 297 3805 5
312 3738 428 3818 διιχθιίς
439 3739 577 3796 Δδσονίων
591 3735 719 3812 στρατιῆς
732 3732 937 3806 πανυπίρτατος
950 3729 1046 3804 ἁρχός,

312 3825 445 3906 Χαμίδᾶν
459 3827 592 3898 ἡττήσας,
606 3807 721 3900 Ᾰράίων
732 3821 811 3896 γίνος
825 3811 989 3892 ίίιναρίξσις·

310 3920 384 3990 νηῶν
399 3913 424 3972 δ’
439 3916 588 3991 ὠκυπόρων
604 3906 775 3984 διδαήμιναι
788 3905 812 3960 σί
825 3924 891 3960 ποτι
908 3901 1015 3978 βούλιι,

312 4003 413 4082 ἄνδιχα
425 4003 584 4079 ναυμαχίης
596 3995 658 4077 ὄφρ’
673 3993 773 4053 adside
788 3995 890 4070 μησιαι
905 3993 981 4067 ἔργα,

314 4090 413 4170 βίίλου
427 4088 522 4161 τῆσδε,
539 4091 657 4167 ρίριστι,
672 4087 803 4161 νοηματα
818 4084 908 4137 πάντα
922 4079 982 4136 κατ’
997 4077 1077 4135 αίσαν

269 4197 297 4243 tn
313 4181 422 4257 ὄμμασι
435 4180 492 4242 σοῖς
504 4171 647 4242 σκυπίαζι,
663 4175 711 4228 καί
725 4173 752 4226 ἐν
767 4171 846 4248 rpperi
862 4166 967 4244 βάλλεο
984 4170 1074 4243 σῇσιν.

312 4255 394 4326 Eudae
410 4264 458 4338 δὴ,
474 4264 613 4335 Bacticis,
628 4258 711 4317 πίδον
726 4260 837 4336 Κρήτης
850 4250 1012 4321 ἀλαπάξιις,

311 4357 359 4412 καὶ
371 4354 468 4431 γινιὴν
483 4351 586 4414 ὄλίσιις
599 4343 798 4427 Καρχηδονίων
814 4343 992 4421 μιγαδύμων.

460 4792 509 4850 i'l.
533 4785 693 4845 deustos
712 4784 927 4842 ΦΙΛΟΣΟΦΟΥ.

354 4935 469 5013 Ψυχρὸν
481 4934 512 4988 ed
525 4935 623 5008 γῆρας,
639 4928 660 4999 ἦ
674 4924 699 4982 τ’
712 4927 766 5002 ίμή
782 4928 875 5004 κριίσις
889 4930 967 5002 φύσει

356 5030 405 5102 pri
421 5017 632 5100 φλιγματώδης·
651 5017 706 5093 μὴν
721 5013 746 5071 δ’
761 5015 776 5070 d
792 5010 969 5092 ριίρουάριος

356 5112 461 5189 ψυχρὸς
477 5107 605 5187 μάλιστα·
622 5102 720 5172 ζώδιον
736 5100 760 5158 δ’
774 5089 920 5180 Ῠδρηχόου

356 5203 386 5259 ed
400 5205 447 5256 νῦν
460 5198 578 5256 πολιῦον
592 5199 640 5252 καί
654 5195 733 5251 συνδν
750 5191 809 5270 μεθ’
821 5191 917 5262 ἡλίου,

1223 525 1353 594 condens,
1368 525 1481 590 ducens,
1497 541 1606 597 regens,

1223 615 1351 682 miscens,
1363 615 1486 682 flectens,
1502 620 1532 668 ut
1546 613 1571 667 ei
1582 611 1668 666 risurn
1685 617 1738 674 est,

1224 700 1260 758 ad
1273 701 1477 758 admirationem
1490 709 1517 756 et
1531 701 1631 756 cultum

1225 797 1337 846 naturas
1349 792 1492 864 perspicue
1504 790 1615 845 excitat.

1225 878 1303 934 Hunc
1316 896 1385 934 voca
1396 878 1479 935 deurn
1493 886 1584 944 tuum,

1227 967 1299 1022 hunc
1313 967 1403 1023 animo
1413 966 1465 1023 tihi
1480 966 1563 1038 linge,

1226 1055 1327 1111 nullum
1340 1057 1488 1112 informans
1503 1056 1537 1110 ad
1552 1071 1649 1128 genus,

1227 1142 1250 1200 si
1264 1160 1317 1199 non
1330 1144 1371 1198 vis
1385 1143 1494 1216 quidem
1507 1159 1629 1217 peccare.

1225 1231 1286 1288 Non
1299 1233 1322 1288 is
1334 1239 1376 1288 est
1387 1231 1665 1305 quesnello-noscatur
1679 1227 1808 1302 spiritus,

1226 1337 1281 1376 non
1296 1337 1328 1376 ea
1343 1319 1612 1391 que-laciledicntur
1626 1335 1680 1384 res,

1225 1425 1280 1464 non
1293 1408 1321 1464 id
1333 1407 1407 1480 quod
1421 1406 1529 1462 desinat
1541 1403 1708 1471 miraculum,

1227 1494 1670 1555 luce-lucens·eternam-arcana,

1226 1579 1629 1654 ineffabili-tenuitate-spirans,

1226 1673 1342 1728 mundes
1354 1672 1445 1728 ferens
1459 1679 1487 1726 et
1499 1671 1579 1734 vitas.

1227 1759 1255 1816 in
1267 1760 1358 1835 spatio
1372 1757 1714 1832 omni-sapientia-ornato,

1227 1849 1255 1904 in
1267 1848 1342 1921 justa
1357 1847 1536 1921 providentia.

1228 1937 1275 1994 Sic
1288 1936 1342 1993 alia
1356 1935 1464 2010 quidem
1480 1934 1545 1999 ridi.

1227 2023 1281 2081 alia
1292 2030 1383 2080 autem
1396 2023 1458 2080 libri
1473 2022 1650 2096 proclamant,

1227 2112 1281 2168 alia
1293 2119 1321 2169 et
1332 2111 1442 2184 collegit
1455 2109 1635 2184 experientia,

1228 2207 1256 2257 et
1268 2198 1348 2256 fldem
1362 2199 1466 2256 iaciunt
1479 2197 1588 2254 omnino

1225 2286 1371 2343 manilesta
1384 2284 1519 2353 obscuris,

1228 2391 1313 2448 parva
1326 2373 1444 2448 magnis.

1230 2464 1332 2519 Harum
1346 2479 1435 2518 rerum
1447 2460 1634 2533 contemplans
1646 2457 1818 2524 miraculum,

1229 2552 1297 2618 scio,
1313 2550 1401 2624 magis
1413 2551 1509 2623 cupies

1229 2638 1427 2712 triplicis-lucis
1441 2636 1639 2697 claritudinem.

1231 2735 1259 2784 et
1272 2726 1396 2800 cupiens,
1410 2741 1531 2800 queres3

1230 2833 1354 2888 querens
1369 2822 1460 2872 autem
1475 2818 1503 2870 ct
1517 2811 1696 2868 deum-iacies

1231 2905 1277 2960 det
1288 2901 1419 2960 societate
1431 2901 1504 2976 qued
1516 2900 1544 2956 in
1557 2907 1585 2957 tc
1599 2899 1695 2956 melius
1706 2905 1759 2967 est,
1769 2901 1790 2953 ι’.
1802 2915 1826 2955 e.
1837 2898 1893 2953 ani·

1381 3058 1426 3110 ra.
1447 3051 1624 3108 auduini.
1798 2987 1892 3060 [Μ

1128 3171 1157 3220 ln
1170 3168 1348 3220 Naumachica
1362 3166 1517 3234 composita,
1531 3166 1640 3232 jubente
1657 3166 1757 3216 Basilio
1776 3162 1893 3214 Patricio

1299 3259 1326 3302 et
1338 3251 1412 3302 Sacri
1427 3251 1545 3302 cubiculi
1561 3249 1719 3314 Praeposito.

1128 3389 1309 3448 ausoniorum
1323 3387 1464 3461 sapientia
1476 3386 1573 3443 doctus
1588 3401 1761 3457 summopere
1773 3392 1853 3448 artes

1129 3487 1156 3539 ct
1167 3477 1277 3537 ordines
1292 3483 1374 3551 atqua
1388 3475 1542 3550 phalanges
1556 3480 1584 3531 et
1597 3472 1741 3546 infragiles
1756 3472 1829 3528 acies

1129 3573 1304 3634 armatorum,
1320 3563 1452 3639 peditum,
1465 3563 1639 3618 robustorum
1652 3569 1710 3618 tum
1725 3560 1858 3633 equitum,

1129 3653 1268 3710 historicis
1279 3651 1399 3726 paginis,
1416 3667 1432 3706 a
1446 3649 1584 3706 nobilibus
1595 3648 1709 3722 regibus
1723 3647 1892 3720 [imperatae

1129 3743 1219 3799 dietus
1230 3739 1412 3797 nummorum
1428 3738 1566 3795 exercitus
1580 3737 1849 3809 omnincsupremus

1130 3829 1298 3890 Chambdam
1325 3825 1536 3903 qui-superasti,
1562 3825 1685 3882 Arabum
1707 3841 1796 3897 genus
1821 3823 1891 3879 occi·

1794 3912 1868 3987 [disti
1884 3931 1890 3968 :

1130 4006 1238 4065 narium
1251 4013 1342 4063 autem
1356 4002 1589 4060 aitecurrentium
1605 4001 1783 4077 peritus-lieri
1795 4002 1819 4059 si
1830 4001 1891 4058 olim

1830 4092 1891 4164 [ria

1131 4189 1263 4258 preterea
1273 4178 1492 4252 navalis-pugne
1503 4185 1533 4235 ut
1540 4177 1662 4252 gloriosa
1670 4178 1891 4253 moliarisopera‚

1130 4272 1192 4330 libri
1208 4270 1332 4344 hujusce,
1352 4268 1464 4341 optima,
1482 4265 1633 4323 sententias
1653 4283 1762 4335 amnes,
1782 4274 1814 4326 ut
1832 4285 1891 4342 par·

1132 4359 1217 4418 oculis
1228 4357 1283 4414 tuis
1297 4355 1448 4430 speculare,
1464 4362 1493 4410 et
1505 4354 1644 4412 mentibus
1658 4355 1741 4429 injice
1754 4355 1821 4413 tuis.
1831 4358 1891 4431 [est.

1131 4447 1197 4504 lnde
1211 4445 1331 4521 quidem,
1345 4442 1456 4508 Basilia.
1472 4442 1558 4499 solum
1570 4442 1658 4501 Cretae
1673 4443 1809 4517 vastabis,

1130 4545 1159 4593 at
1169 4551 1257 4610 genus
1271 4530 1462 4608 pessumdsbis
1474 4529 1742 4605 Carthaginiensium
1753 4531 1892 4606 magnani-

1769 4621 1892 4694 [morum.

1294 4791 1339 4844 77.
1358 4785 1486 4842 LEONIS
1501 4786 1732 4844 PHILOSOPlll.

1167 4929 1280 5005 Frigida
1288 4935 1426 4995 senectus,
1435 4944 1579 5002 meumque
1589 4934 1837 5000 temperamentum
1848 4944 1893 4983 na-

1167 5019 1232 5086 heu,
1248 5016 1422 5091 pituitosum:
1433 5014 1535 5072 mensis
1547 5023 1639 5071 autem
1653 5015 1809 5072 februarius
1824 5017 1893 5088 [tura

1169 5103 1287 5177 frigidus
1298 5102 1423 5176 inprimis
1439 5119 1446 5158 :
1466 5103 1630 5177 signumque
1645 5102 1784 5177 Aquarius

1105 5251 1109 5265 ‚
1168 5192 1214 5266 qui
1231 5209 1301 5247 nunc
1316 5199 1441 5247 versatur
1453 5197 1480 5246 et
1494 5191 1640 5247 comitatur
1653 5191 1748 5257 solem,
