4116 6022
516 467 640 527 CAPUT
661 466 712 525 IV.
735 461 1036 526 uxtlouuatouta
1057 461 1106 522 ET
1127 462 1443 524 SUPPLICATORIA.
1708 466 1759 523 tot

194 608 251 665 dart
264 607 370 686 βροτοῖς
384 609 427 663 έπί
439 606 463 663 τ’
479 610 605 686 εὐτυχίην
618 611 757 678 κακότητά
768 628 797 662 τι
811 603 916 686 ρράζιι.

195 759 323 830 θππόταν
340 776 459 854 ιιαρινήν
475 775 516 830 ἐπ’
529 776 674 852 ἰσημερίην
689 777 822 850 άρίκηται

166 871 179 919 ι
192 861 298 935 ἠέλιος,
314 863 397 941 Κριόν
410 882 439 918 τε
453 859 608 940 θιεκτρίχη,
624 864 651 917 έν
666 859 691 916 δ’
707 863 761 938 όρα
771 858 840 938 τῷδε

192 953 274 1026 γαῖαν
287 951 440 1028 νυκτερινός
452 950 589 1026 Γαιήοχος
605 943 789 1026 άμρελελιξη,

195 1039 274 1114 σῆμα
291 1033 350 1093 τόθ’
367 1039 423 1092 lari
435 1035 541 1108 πόληος
555 1039 701 1100 ἀπόστασις
715 1037 765 1092 ούκ
779 1030 950 1104 άλαπαδνῆς·

196 1126 219 1178 rt
233 1121 263 1180 δέ
275 1143 320 1180 κιν
332 1125 474 1202 ἠμερινός,
491 1119 588 1200 φράζει
600 1120 663 1179 πόδε
673 1121 764 1200 λυγρά
774 1125 822 1177 καί
836 1122 902 1184 ἄτας

195 1215 322 1286 πήματος
335 1212 507 1288 ὁρμήσαντος
522 1211 563 1265 έπ’
576 1207 753 1274 ἀλλοδαποὺς
766 1208 923 1286 ἀνθρώπους

153 1297 181 1344 ίθ
198 1297 331 1371 ἔσσεσθαι,
348 1303 487 1377 σρεείραις
499 1299 544 1355 ivri
558 1302 732 1375 πημοσύναις
745 1295 785 1352 idi
798 1295 907 1360 λύπαις.

196 1546 229 1600 Et
243 1541 267 1598 δ’
284 1544 336 1598 ava
349 1543 455 1620 Ταῦρον
470 1545 566 1608 ἰόντος,
584 1544 735 1622 έρορμήσει
749 1540 795 1599 διὰ
808 1547 892 1598 νύκτα

198 1632 316 1707 σεισμός,
330 1633 448 1706 πήματα
464 1633 512 1706 μέν
523 1650 551 1686 τε
566 1629 806 1706 καταφθινύθουσιν
821 1632 933 1694 ὀπίσσω,

199 1722 350 1798 εὐφροσύνη
366 1716 390 1773 δ’
406 1719 459 1774 ava
473 1720 540 1774 όστυ
554 1719 601 1773 καί
615 1721 709 1796 ιίρήνη
724 1716 866 1775 τεθαλυῖα·

198 1808 327 1884 ἠμιρινός
341 1803 371 1862 δέ
387 1809 462 1884 φέρει
475 1805 599 1882 πολέμου
617 1805 748 1882 μεγάλοιο
761 1803 849 1876 πόληϊ

157 1909 184 1957 15
200 1897 277 1972 ἔργον
292 1895 476 1971 ἐπερχομένου
487 1897 543 1957 τοῖς
552 1898 707 1972 κρείττοσιν·
720 1891 795 1949 ἀλλά
804 1892 954 1970 φυλάσσου.

199 2069 233 2124 Et
246 2065 277 2124 δέ
289 2087 345 2133 κεν,
360 2069 387 2122 έν
402 2065 533 2144 Διδύμοις
548 2071 745 2146 στρωριομένου
756 2066 876 2137 ἠελίοιο,

199 2157 339 2233 νυκτερινὴ
357 2158 436 2231 μῆνις
450 2151 607 2226 έλιλίζηται
620 2157 690 2210 κατὰ
702 2159 795 2232 γαῖαν,

200 2242 341 2322 [σημαίνει
352 2241 403 2320 ότι]
420 2240 562 2319 δυσμενέες
578 2242 671 2320 βροτοί
685 2245 863 2321 έγχεσίχειρες

201 2333 334 2408 ὑμετέρην
348 2329 511 2387 πελάσουσιν
527 2331 568 2386 έπ’
583 2331 679 2406 άλγεσι
692 2335 772 2406 γαῖαν
787 2331 905 2386 ἅπασαν·

156 2428 186 2475 aa
201 2421 224 2473 si
238 2415 268 2473 δέ
282 2437 327 2473 κεν
341 2419 472 2495 ἠμερινή,
482 2421 542 2474 τότε
555 2437 599 2473 κιν
614 2417 744 2493 βασιλῆες
758 2419 852 2493 ἄτιμοι

201 2505 316 2574 έσσονθ,
331 2508 466 2584 ἡγεμόνες
479 2526 518 2572 τε,
536 2504 602 2561 θεῶν
617 2504 750 2584 διομηνίη
765 2505 878 2585 ἐχθρῶν.

201 2665 234 2719 at
247 2661 284 2734 d’,
299 2665 352 2718 ἀνά
364 2665 414 2733 τήν
432 2665 530 2741 μοίρην
543 2667 591 2720 τού
606 2665 741 2741 Καρκίνου
754 2663 861 2734 ἠελίοιο

202 2755 363 2828 στείχοντος,
379 2751 423 2808 όθι
437 2749 473 2822 δή
490 2751 580 2829 θεριιή
596 2754 695 2830 τροπὴ,
712 2753 822 2829 ίννυχος
837 2755 911 2809 έσται

201 2843 253 2914 γῆς
265 2841 360 2913 ἔνοσις,
375 2843 456 2896 τοῦτο
471 2837 566 2917 φράζει
579 2842 719 2910 κακότητα
734 2839 844 2918 βαρεῖαν

158 2945 190 2992 25
203 2926 342 3005 ἀργαλέην
355 2929 450 2997 πενίην
464 2923 631 3004 άλλαξίμεν·
645 2929 776 3005 ἠμερινός
790 2925 819 2984 δέ

204 3011 299 3093 φράζει
312 3015 384 3092 πῆμ’
400 3016 491 3079 αύτοῖς
504 3017 551 3070 καί
565 3017 710 3071 ἀνάστασιν
725 3014 893 3076 ὠλεσίοικον.

204 3281 237 3334 El
251 3276 280 3334 δέ
293 3299 350 3352 κεν,
365 3277 473 3350 ἠελίοιο
487 3280 602 3342 Λέοντος
617 3281 714 3355 μοῖραν
728 3280 824 3344 ίόντος,

203 3371 328 3444 νύκτερος
342 3365 456 3446 όρμηθῇ
467 3369 550 3443 γαίης
563 3364 657 3430 σάλος,
675 3367 773 3422 αὐτίκα
786 3365 883 3438 πένθη,

204 3452 345 3531 κλαυθμοί
357 3473 387 3510 τε
401 3457 533 3532 στοναχαί
545 3473 573 3509 τε
585 3452 666 3509 πόλιν
678 3455 726 3509 καί
738 3453 807 3510 λαόν
820 3455 927 3510 ἅπαντα

159 3555 190 3602 30
204 3537 304 3606 έξουά·
319 3542 449 3620 ἠμερινθς
462 3538 490 3596 δέ
505 3544 595 3641 ραγεὶς
608 3543 654 3594 καὶ
665 3541 751 3596 ταύτὰ
764 3547 919 3618 πιραύσκιι.

203 3906 262 3957 quse
277 3891 355 3952 bona,
370 3905 435 3955 quas
449 3897 541 3940 contra
555 3889 642 3938 clades
657 3889 706 3939 hoc
720 3889 807 3940 omine
822 3891 916 3954 signet.

487 3972 532 4023 Sol
546 3973 573 4022 in
587 3972 683 4022 Ariete.

205 4057 283 4108 Lucis
295 4057 339 4107 ubi
353 4071 440 4107 verosa
454 4055 576 4106 tenebras
586 4054 728 4119 aequaverit
740 4055 822 4116 horis,

207 4141 324 4202 Phryxea
336 4137 375 4189 sol
390 4145 479 4188 vectus
493 4135 545 4195 ovi,
559 4137 580 4186 si
595 4136 697 4187 viscera
711 4145 788 4188 terrra

206 4231 322 4287 tempore
334 4227 462 4272 nocturno
474 4226 577 4270 moveat
588 4219 736 4270 dominator
746 4234 881 4283 aquarum,

207 4307 256 4354 hoc
270 4305 429 4354 defecturam
442 4302 545 4368 signum
560 4301 607 4354 tibi
621 4301 724 4352 nuntiat
734 4304 845 4352 urbem:

206 4389 230 4437 si
244 4389 345 4437 lucente
359 4386 411 4448 die,
421 4385 478 4450 jam
491 4383 576 4435 tristia
589 4385 643 4435 lata
657 4386 771 4435 minatur

207 4471 328 4537 gentibus
342 4469 471 4530 externis3
485 4468 545 4518 illas
558 4468 693 4533 luctusque
706 4469 831 4532 dolorque

206 4567 233 4606 et
247 4563 332 4606 metus
343 4561 369 4604 et
380 4551 463 4603 series
473 4550 577 4615 urgebit
591 4552 669 4615 longa
680 4552 817 4602 malorum.

493 4642 538 4693 Sol
552 4644 579 4692 ιιι
595 4643 688 4693 Tauro.

208 4728 325 4780 Portitor
335 4729 448 4793 Europes
460 4726 523 4777 solis
538 4741 597 4776 cum
610 4725 726 4790 possidet
738 4733 847 4786 astrum,

208 4812 231 4862 si
243 4812 300 4862 sola
312 4817 389 4862 nocte
400 4817 522 4863 tremant.
535 4807 635 4872 fugient
646 4808 738 4858 exinde
750 4809 864 4869 dolores,

208 4895 312 4960 altaque
325 4909 374 4960 pax
383 4893 474 4943 urbem
486 4891 554 4944 laetis
566 4892 594 4942 in
605 4893 682 4942 rebus
693 4891 808 4942 babebit.

209 4979 238 5028 Si
251 4985 354 5028 moveat
366 4991 395 5026 se
409 4983 480 5028 terra
493 4975 544 5034 die,
560 4976 632 5026 Mars
646 4975 767 5025 horridus
779 4973 837 5024 urbi

209 5062 340 5124 imminet;
353 5069 413 5111 ante
427 5059 494 5110 alios
507 5067 606 5110 vosmet
618 5065 728 5118 servate,
743 5067 871 5123 potentes.

476 5151 521 5202 Sol
535 5153 562 5202 iu
578 5152 700 5202 Geminis.

210 5245 249 5309 Si,
263 5261 321 5297 cum
334 5244 510 5308 Tyndaridum
525 5243 653 5308 percurrit
666 5243 752 5294 sidera
768 5243 892 5300 Phoebus,

350 5368 519 5409 mutuomats
539 5369 579 5407 lll.

1004 600 1070 675 quid
1087 599 1246 657 mortalibus
1261 599 1289 655 in
1304 599 1459 658 felicitatem
1477 601 1710 674 calamitatemque
1725 600 1765 655 in·

1578 689 1582 702 ’
1673 687 1765 762 [dicet.

1006 773 1119 843 Quando
1131 775 1166 830 ad
1181 791 1291 830 vernum
1303 775 1491 848 equinoctium
1505 775 1645 832 advenerit

1006 861 1056 928 sol,
1072 870 1266 936 percurretque
1281 862 1411 930 Arietem,
1425 865 1452 918 in
1462 880 1549 938 eoque
1562 870 1680 936 tempore

1006 953 1107 1004 terram
1124 955 1273 1005 nocturnus
1291 949 1522 1007 Terra-dominus
1540 949 1766 1016 circumvolverit,

1007 1035 1116 1109 signum
1134 1036 1218 1092 hocce
1237 1045 1279 1094 est
1299 1035 1418 1094 civitatis
1440 1037 1558 1094 delectio
1575 1055 1630 1094 non
1644 1044 1767 1096 vastatu-

1651 1125 1767 1198 [lacilie;

1008 1208 1049 1264 sin
1064 1216 1155 1266 autem
1169 1210 1296 1280 diurnus,
1314 1211 1422 1268 nuntiat
1435 1211 1517 1268 hocce
1531 1211 1622 1268 tristia
1633 1218 1661 1268 et
1675 1228 1768 1267 mrum·

1007 1296 1092 1352 cladis
1103 1297 1231 1355 irruentis
1245 1299 1272 1354 in
1286 1306 1430 1356 extraneos
1443 1300 1566 1356 homines
1706 1301 1767 1371 [nas

1007 1382 1074 1452 lore,
1091 1383 1126 1440 ad
1138 1387 1248 1441 illorum
1263 1385 1386 1441 miseriae
1400 1395 1428 1443 et
1440 1387 1538 1443 luctus.

1496 1473 1588 1548 [saciet
1600 1492 1650 1548 per
1662 1481 1769 1530 noctem

1008 1557 1057 1614 Sin
1079 1565 1180 1630 autem,
1199 1562 1253 1616 sole
1274 1577 1357 1633 supra
1378 1561 1496 1618 Taurum
1514 1571 1606 1630 eunte,
1629 1561 1769 1635 impetum-

1008 1652 1109 1713 motus,
1125 1645 1216 1702 clades
1231 1647 1339 1720 quidem
1353 1647 1513 1722 dispereunt
1524 1649 1632 1718 deinde,

1009 1731 1156 1806 letitiaque
1171 1750 1221 1806 per
1235 1734 1330 1788 urbem
1343 1738 1375 1804 pt
1393 1741 1421 1791 et
1435 1749 1490 1808 pax
1504 1736 1619 1804 llorens;

1009 1820 1122 1877 diurnam
1135 1829 1225 1878 autem
1241 1823 1320 1878 sliert
1331 1821 1393 1878 belli
1406 1823 1499 1896 magni
1512 1823 1617 1879 civitati

1010 1923 1080 1981 opus
1096 1907 1249 1966 invadentis
1267 1909 1296 1965 in
1313 1910 1482 1984 potentiores
1502 1929 1510 1969 ε
1533 1911 1626 1986 itaque
1641 1927 1705 1968 cave
1721 1909 1767 1966 sie.

1010 2082 1058 2138 Sin
1070 2089 1161 2140 autem
1173 2083 1200 2139 in
1214 2082 1335 2141 Geminis
1348 2091 1475 2142 versante
1490 2085 1556 2154 sole,

1009 2177 1143 2227 nocturna
1156 2170 1197 2226 ira
1214 2171 1408 2245 circumagitur
1423 2189 1472 2246 per
1485 2179 1598 2240 terram,

1011 2257 1147 2330 significat
1160 2257 1281 2316 infensos
1295 2258 1422 2316 mortales
1436 2261 1692 2316 hastatis-manibus

1011 2352 1129 2401 vestram
1157 2362 1349 2418 aggressuros,
1371 2345 1417 2403 ubi
1445 2347 1516 2403 mala
1542 2348 1641 2416 lerant,
1672 2357 1772 2404 terram

1012 2431 1053 2488 sin
1066 2439 1156 2488 autem
1166 2432 1273 2502 diurna,
1285 2440 1350 2490 tunc
1364 2449 1445 2507 reges
1459 2433 1615 2490 inhonorati
1639 2436 1771 2508 [omnem

1013 2527 1102 2586 erunt,
1116 2519 1307 2594 ductoresque,
1325 2521 1437 2576 deorum
1452 2519 1493 2575 ira
1508 2519 1689 2578 inimicorum.

1013 2676 1061 2732 Sin
1069 2676 1344 2749 autem,pergradum
1351 2675 1508 2734 Cancrisole
1516 2678 1716 2750 [est,nocturns
1724 2676 1775 2732 erit

1013 2763 1140 2831 vadente,
1155 2762 1202 2818 ubi
1215 2780 1282 2819 sane
1295 2763 1542 2821 estiva-conversio
1556 2767 1577 2820 ι’.
1592 2781 1617 2820 e.
1630 2763 1775 2820 solstitium

1014 2856 1094 2905 terrm
1108 2848 1260 2916 concussio,
1274 2849 1326 2905 boc
1343 2848 1451 2905 nuntiat
1470 2848 1651 2906 calamitatem
1664 2865 1775 2922 gravem

1016 2944 1044 2994 et
1060 2935 1224 2994 laboriosam
1243 2943 1432 3011 paupertatem
1451 2936 1772 2994 alternis-vicibus·lore:

1561 3024 1671 3098 [diurna
1685 3032 1775 3081 sutem

1017 3112 1140 3188 preadicit
1162 3113 1265 3169 cladem
1286 3113 1383 3170 iisdem
1410 3121 1438 3170 et
1463 3113 1631 3170 eversionem
1656 3112 1776 3169 familiis·

1611 3199 1774 3274 [exitiosam.

1017 3287 1065 3344 Sin
1078 3295 1179 3357 autem,
1195 3286 1251 3344 sols
1265 3285 1364 3343 Leonis
1378 3286 1492 3360 gradum
1508 3288 1634 3355 adeunte,

1017 3373 1774 3446 nocturnaorta-estterrnagitatio,statimluctus[sum.

1018 3462 1152 3535 fletusque
1162 3461 1335 3535 gemitusque
1349 3460 1486 3517 civitatem
1495 3467 1522 3516 et
1532 3461 1660 3534 populum
1669 3460 1777 3516 univer·

1019 3549 1173 3618 habebunt3
1195 3550 1293 3606 diurna
1308 3557 1399 3606 autem
1417 3550 1440 3604 si
1458 3549 1626 3622 apparuerit,
1642 3557 1669 3605 et
1683 3549 1776 3604 eadem

1637 3635 1777 3708 [loquitur.

1022 3892 1063 3943 ira
1073 3893 1149 3942 desim
1161 3892 1261 3959 quatiat
1274 3901 1400 3944 nocturno
1413 3898 1528 3956 tempore
1541 3898 1649 3952 terram,

1022 3975 1128 4026 ensibus
1142 3985 1258 4026 mmatus
1272 3975 1349 4026 saevis
1359 3975 1485 4026 exercitus
1499 3973 1582 4024 bostis

1022 4057 1172 4110 innumeras
1184 4067 1287 4125 strages
1300 4057 1397 4110 nostris
1408 4057 1436 4108 in
1447 4057 1542 4108 tinibus
1554 4055 1613 4107 edet
1627 4072 1634 4106 ι

1023 4143 1068 4194 θαι
1078 4141 1148 4194 idem
1159 4141 1183 4194 si
1193 4142 1260 4194 forte
1273 4143 1325 4202 die,
1340 4139 1397 4191 sine
1411 4138 1517 4190 nomine
1529 4154 1615 4204 reges,

1021 4224 1159 4292 ignarique
1171 4225 1249 4276 duces
1261 4225 1383 4290 supersim
1395 4223 1530 4274 mittentur
1542 4223 1575 4274 ab
1588 4222 1635 4274 ira.

1293 4341 1340 4393 Sol
1353 4342 1380 4392 in
1396 4341 1505 4394 Cancro.

1022 4443 1059 4504 Si,
1075 4459 1134 4494 cum
1146 4441 1285 4494 solstitium
1299 4450 1340 4492 est
1350 4441 1494 4505 Lemasqus
1508 4439 1645 4506 paludibus
1659 4449 1732 4490 ortus

1021 4529 1104 4578 solem
1117 4541 1212 4577 cancer
1223 4525 1312 4586 babet,
1323 4525 1385 4575 dum
1398 4524 1491 4574 cealum
1502 4531 1579 4573 noete
1593 4530 1704 4584 tenetur,

1021 4619 1093 4662 terra
1104 4609 1201 4670 tremit,
1214 4609 1302 4660 tristes
1316 4613 1405 4659 monet
1415 4606 1565 4672 impendere
1580 4605 1693 4664 labores,

1021 4695 1224 4763 pauperiemque
1238 4694 1312 4760 sequi
1323 4695 1430 4756 duram;
1442 4693 1466 4744 si
1478 4693 1535 4743 luce
1549 4699 1676 4749 movetur,

1021 4779 1148 4830 excidium
1163 4777 1283 4828 domibus
1297 4783 1385 4843 portat
1396 4783 1546 4840 motumque
1558 4774 1694 4823 rebellem.

1306 4885 1352 4937 Sol
1365 4887 1392 4936 in
1406 4886 1497 4934 Leone.

1022 4989 1083 5040 Sole
1096 4989 1245 5038 Cleonaeum
1259 4985 1370 5035 dammis
1383 4990 1475 5034 urente
1490 4983 1601 5042 leonem,

1022 5071 1045 5121 si
1059 5087 1087 5121 se
1102 5067 1233 5120 concutiat
1246 5067 1323 5118 tellus
1337 5073 1474 5126 nocturna,
1489 5065 1593 5116 dolores

1023 5155 1192 5220 planctusque
1208 5159 1234 5202 et
1252 5149 1366 5202 lacrimas
1385 5148 1560 5214 populumque
1578 5147 1720 5214 urbemque
1741 5163 1782 5198 se-

1023 5243 1157 5302 exspectes
1169 5235 1270 5294 eadem,
1283 5233 1361 5284 tellus
1371 5231 1394 5282 si
1406 5231 1464 5282 luce
1478 5229 1591 5282 vacillet.
1639 5232 1761 5295 [quantur
1774 5245 1781 5278 :

1608 5341 1642 5394 θθ
