4034 6018
648 417 687 478 IN
709 417 835 480 utruu
855 420 895 479 Vl
916 422 1146 486 ANNOTATIO.

109 543 159 592 ild.
172 543 201 592 L.
215 542 337 596 Dindori.
354 516 378 594 t.
398 545 419 604 1,
435 561 460 612 p.
477 547 535 595 att.
549 573 578 584 -
590 546 627 596 Ci.
644 549 757 598 Pausan.
770 548 815 606 Vl,
828 564 866 608 xi,

107 611 133 665 s,
151 608 194 674 qui
205 609 256 658 alia
271 611 318 658 sub
338 609 421 660 torma
433 619 459 660 et
470 626 521 661 uno
532 621 631 662 tantum
646 613 695 663 hoc
707 629 784 664 versu
798 613 866 664 idem

106 673 211 724 exhibet
220 677 355 724 oraculum
367 691 374 725 ε

144 775 273 836 Θειοιγίνην
290 773 310 822 θ’
321 774 446 835 ἄμνηστον
460 777 570 841 άρήκατε
582 778 624 826 τὸν
640 779 714 842 μάγον
725 779 818 840 buius.

143 840 308 905 Theagenem
319 841 428 891 oblitum
443 839 580 892 dimisistis
597 857 721 908 magnum
735 844 867 895 intereos.

143 969 210 1021 uxi.
236 971 409 1021 servaverunt
436 973 518 1022 schol.
543 973 654 1022 Theocr.
673 975 744 1033 XIV,
763 977 794 1024 ίθ
818 991 868 1039 sq..

104 1035 193 1087 Tasta.
211 1037 278 1086 Chil.
295 1037 340 1096 tx,
354 1037 422 1086 Hist.
435 1039 492 1098 att,
508 1053 531 1088 ν.
547 1040 596 1089 tut
608 1054 676 1104 sqq„
689 1049 767 1104 atque
777 1039 870 1090 Suidas

104 1114 133 1150 ν.
150 1102 229 1162 Ὑμεῖς
242 1103 285 1165 μίν
298 1103 378 1164 ἄρα...
392 1105 525 1152 oraculum
537 1105 677 1154 secundum
690 1104 756 1154 alios
765 1107 800 1155 AE
820 1105 872 1154 ien-

106 1166 190 1226 sibus‚
208 1168 349 1218 meandum
364 1168 430 1218 alios
444 1169 643 1228 Megarensibus
655 1171 794 1220 redditum.
829 1187 871 1220 er·

106 1247 152 1281 sus
162 1233 212 1282 duo
226 1233 288 1310 (2-8)
304 1233 391 1283 laudat
402 1233 507 1293 Strabo,
521 1235 554 1292 X,
571 1250 590 1294 1,
605 1237 650 1296 13,
663 1243 692 1284 ut
706 1237 805 1286 oraculi
815 1251 872 1300 par-

107 1309 162 1346 tem
175 1299 346 1362 AEgrensibus
369 1299 438 1360 dati;
463 1300 493 1349 de
515 1314 566 1364 quo
587 1300 669 1350 insius
685 1301 740 1351 haec
757 1301 869 1352 Suidas:

113 1363 206 1425 Ὗμεῑς,
220 1359 379 1428 ῶΜεγαρεῑς,
387 1361 539 1431 ούτετρίτοι,
548 1367 605 1415 ούτε
613 1369 735 1430 τέταρτοι.
744 1394 774 1404 -
785 1371 870 1432 Χρησ-

107 1429 157 1490 μοῖι
169 1430 307 1494 κομμάτιον
317 1430 370 1480 ίστι
378 1431 598 1495 παροιμιαζόμενον
610 1430 699 1488 ούτως·
710 1434 867 1483 Ἵππονθ...

115 1495 221 1560 Ἰστορεῖ
231 1497 258 1545 di
265 1495 389 1554 Μνασίας,
402 1497 439 1546 θτι
449 1497 537 1558 Αίγιεῖς
546 1499 570 1546 οί
579 1497 604 1546 is
621 1499 702 1563 ’.λγαίρ
712 1515 870 1557 καταναυμα-

104 1560 227 1622 χήσαντες
240 1559 364 1617 Αίτωλούς
379 1561 420 1610 καὶ
437 1563 550 1616 λαθόντες
567 1563 761 1627 πεντηκόντορον
778 1564 869 1620 αὐτῶν,

105 1623 306 1740 ῗλίάῖθίύίύί
320 1627 872 1743 llll‘ltiltl'tt‘ltssl‘tlt‘tll⁶

302 1728 308 1741 ι
471 1713 478 1742 l
852 1714 870 1744 i·

107 1771 179 1814 μονα·
195 1709 313 1807 καὶηἼιον
328 1758 354 1806 θλ
366 1757 475 1818 Altinius
485 1711 583 1818 ὀοθχίύιάαι
591 1759 632 1808 τὸν
644 1711 755 1824 χρηάμθν
767 1712 868 1824 ίσεορεὶ.

105 1821 177 1876 Τινὲς
188 1821 214 1870 θλ
223 1821 316 1874 οίονται
327 1824 378 1879 τοῖς
391 1823 544 1887 Μεγαρεῦσιν
556 1825 666 1888 είρήσθοιι
675 1824 749 1875 αὐτὸν
761 1827 802 1876 καλ
814 1841 871 1890 προ-

106 1888 233 1954 φέρονται·
260 1890 339 1948 ιΥμεῑς
358 1889 379 1938 θ’
394 1885 414 1937 sis
428 1891 589 1954 Μεγαρεῖς...
610 1894 643 1946 ὡς
658 1892 700 1940 καί
719 1892 870 1954 Καλλίμαχος

106 1951 134 1999 ἑν
151 1954 203 2009 τοῖς
214 1955 423 2017 ίπιγραμματίοις·
438 1955 482 2014 τῆς
491 1954 517 2004 θλ
533 1957 644 2015 ταλαίνης
657 1957 762 2020 Νύμφης
773 1959 805 2014 ὡς
819 1961 870 2004 Με-

105 2015 871 2149 {tillutlitttlltlthllltltiltltllli

106 2149 136 2199 id
148 2151 282 2200 oraculum
295 2149 418 2200 tribuenti
427 2151 625 2214 Megarensibus
641 2151 834 2216 adstipulantur
846 2159 872 2202 et

105 2213 293 2274 Callimachus,
309 2215 347 2265 uti
362 2231 394 2266 ex
408 2216 489 2266 Suida
501 2216 621 2278 vidimus,
634 2225 660 2267 et
677 2217 831 2268 Theocritus
846 2218 872 2266 in

106 2279 200 2341 Idyllio
216 2282 255 2338 ll.
272 2297 325 2331 res.
341 2283 429 2332 tt-ts.
439 2283 596 2332 Plutarchus
608 2297 669 2332 vero
678 2284 767 2350 Symp.
778 2283 869 2345 Quart.

107 2346 154 2406 qv,
170 2345 203 2410 θ.)
218 2346 270 2397 utri
284 2347 381 2412 populo
390 2348 446 2398 haec
458 2349 630 2398 adscribenda
642 2346 696 2398 sint
705 2348 826 2398 dubitare
835 2349 872 2397 ri-

107 2412 194 2473 detur,
210 2413 271 2462 dum
286 2411 444 2463 scribilita:
459 2415 509 2462 τῶν
523 2413 549 2463 bl
562 2417 745 2478 Δημοκριτείων
757 2413 871 2475 εἰδώλων,

105 2475 870 2546 ὥσπιρΑίγιίωνἢΜεγαρέωνἀριθμὸςούθείςούθὲλύγος.

108 2543 246 2606 Repetiers
258 2543 381 2601 Gallaeus,
396 2545 470 2594 Orac.
486 2549 561 2594 metr.
574 2561 600 2610 ρ.
620 2546 649 2594 li
662 2555 689 2594 et
700 2545 871 2602 Van-ltaliae,

107 2611 146 2657 De
169 2609 266 2658 oracul.
293 2624 319 2673 p.
340 2610 387 2658 tlt
401 2624 441 2674 sq.
464 2637 493 2646 -
511 2611 557 2660 Vs.
583 2613 593 2658 l
618 2612 687 2676 apud
715 2611 871 2661 scholiasten

106 2674 219 2724 Theocr.
231 2681 258 2723 et
267 2675 492 2726 Taetaemtantnm
500 2675 638 2741 reperitur.
650 2705 680 2713 -
689 2677 734 2726 Vs.
747 2679 771 2726 2.
782 2677 870 2726 Sehol.

108 2742 195 2789 Ἵπποι
209 2741 322 2806 θρηίκιαι
333 2742 445 2792 Δακεθ...
460 2741 548 2791 Strah.
563 2741 651 2792 Ἵππον
663 2743 812 2792 θεσσαλικθν
824 2745 872 2790 Λοι-

107 2806 263 2868 κεθαιμονίον
284 2807 310 2854 ὀί
329 2823 353 2867 γ.
369 2833 399 2842 -
416 2807 460 2856 Vs.
478 2809 501 2857 3.
525 2807 612 2858 Strab.
632 2815 658 2857 el
676 2807 748 2858 Suid.
766 2807 870 2873 ύνθραςς

107 2871 204 2920 Suidas
222 2869 310 2934 ἄνδρας
322 2872 353 2920 θ’.
367 2871 469 2922 Muller.
482 2875 567 2932 καλῆς.
586 2899 614 2910 -
632 2873 679 2922 Vs.
695 2875 729 2922 l:
746 2871 819 2924 Suid.
830 2873 870 2922 καὶ

108 2938 157 2984 τῶν
176 2939 246 2986 εἰσιν.
262 2937 362 2987 Mulier.
375 2939 473 3000 μεταξύ.
487 2965 519 2976 -
532 2938 591 2989 vid.
605 2939 632 2988 C.
646 2937 750 2989 Mulieri
765 2939 868 3003 Frcpm.

110 3003 175 3052 utet.
190 3018 267 3066 pree.
282 3011 301 3052 t.
312 3003 345 3060 ll,
359 3019 382 3067 ρ.
398 3005 439 3054 bl.

142 3133 220 3183 tht.
233 3133 347 3184 Pausan.
366 3133 434 3195 Vlll,
449 3149 485 3190 rx.
501 3135 525 3183 l.
541 3133 766 3185 Mantineensibus
781 3135 869 3184 datum

109 3212 126 3246 a
141 3199 235 3261 Pythia
253 3198 395 3258 oraculum,
411 3199 442 3248 de
458 3201 561 3250 Arcade
576 3201 699 3250 Callistus
718 3201 781 3254 lilio.
796 3205 870 3264 cujus

109 3278 193 3313 ossae
210 3265 331 3324 Manuale,
347 3281 378 3314 er
389 3265 437 3314 hoc
450 3265 549 3316 oraculi
561 3280 696 3330 responso,
709 3265 869 3315 Mantineam

110 3329 247 3392 deportata
266 3338 335 3389 sunt,
351 3337 378 3380 et
392 3331 497 3380 condita
512 3331 539 3380 in
554 3332 612 3381 loco
631 3345 707 3394 quem
719 3331 788 3380 Solis
801 3333 869 3380 Aras

108 3395 117 3456 ί
127 3395 210 3474 ‘ill-lec
225 3397 334 3460 βωμούς)
350 3407 451 3446 vocant.
471 3424 500 3433 -
516 3397 562 3446 Vs.
584 3401 608 3448 b.
625 3396 688 3446 Cod.
708 3397 790 3445 Mose.
814 3399 870 3462 dpa-

107 3475 183 3509 ἳθνθν.

142 3577 232 3627 thlt.
245 3577 284 3626 Dr
296 3577 432 3635 Athenaeo.
446 3579 478 3639 V,
491 3585 555 3628 sect.
571 3581 612 3638 6⁰,
629 3594 654 3644 p.
667 3579 726 3639 att,
740 3585 765 3627 et
779 3577 869 3640 suida,

110 3642 137 3692 in
151 3645 171 3692 sl
184 3644 222 3704 τθ,
238 3643 327 3692 retulit
338 3643 461 3701 (tattaeus,
479 3644 582 3694 Orccttl.
598 3649 673 3694 metr.
685 3660 711 3708 p.
726 3644 766 3693 li.
785 3672 814 3681 -
830 3645 867 3696 Ci.

110 3709 221 3758 Vandal.
237 3711 274 3758 De
292 3721 362 3758 orae.
377 3723 401 3771 p.
417 3711 473 3758 tlt.
485 3737 515 3746 -
526 3711 633 3760 Dubitat
645 3710 786 3760 Athenaeus
795 3711 871 3761 AEso-

110 3789 171 3838 pum
183 3774 327 3824 fabularum
336 3773 490 3838 scriptorem
503 3790 536 3824 an
548 3775 627 3825 alium
641 3775 735 3839 Apollo
749 3774 799 3824 hoo
811 3791 870 3826 ora-

110 3841 168 3888 culo
182 3839 294 3890 irriserit
316 3837 370 3904 (sia'
384 3839 498 3898 Αίσωπός
517 3841 581 3891 ἐστιν
598 3842 758 3904 θλνγοποιὸς,
771 3837 787 3900 ἦ
801 3841 870 3900 ἄλλος

111 3907 209 4046 τῗςάίοε.
225 3971 370 4030 oraculum,
394 3971 506 4046 eumad
525 3971 618 4047 Avium
637 3975 728 4023 urbem
750 3971 867 4030 referret.

111 4037 210 4088 ridendi
224 4051 303 4086 causa
317 4037 486 4112 amplificavit
497 4037 533 4086 ita
546 4038 745 4103 Aristophanes,
756 4037 804 4088 Αυ.
821 4041 868 4089 θθθ

111 4117 181 4166 sqq,
196 4101 264 4165 quod
276 4101 367 4152 Bacidr
379 4102 470 4152 tribuit
483 4117 490 4151 z

151 4205 208 4256 Ἀλλ’
223 4207 281 4256 ὅταν
296 4206 416 4265 οίκήσωσι
425 4205 496 4256 λύκοι
509 4207 588 4256 πολιαί
603 4223 629 4255 τε
642 4210 747 4272 κορῶναι

144 4271 168 4320 ἐν
182 4273 264 4334 ταυτῷ
276 4271 304 4320 τὸ
318 4273 406 4335 μεταξὺ
421 4273 542 4336 Κορίνθου
553 4273 595 4320 καὶ
605 4275 737 4332 Σικυῶνος,

142 4338 240 4400 πρῶτον
252 4339 373 4404 Πανδώρα
383 4337 453 4387 θῦσαι
462 4339 607 4404 λευκότριχα
618 4339 696 4402 κριόν·

143 4399 170 4458 ὃς
180 4403 206 4451 δι’
221 4402 244 4450 κ’
259 4403 324 4466 ίμῶν
338 4403 415 4454 inlus
427 4404 480 4466 ἔλθη
490 4407 616 4468 πρώτιστα
627 4405 762 4467 προμήκης,

143 4469 178 4531 τῷ
192 4469 265 4531 δόμεν
277 4469 373 4532 ίμιίτιον
389 4471 494 4534 καθαρὸν
509 4470 550 4519 καί
561 4472 633 4519 καινά
646 4470 738 4528 πέδιλα,

143 4534 185 4583 καί
198 4535 282 4596 φιάλην
297 4536 389 4594 δοῦναι,
402 4534 443 4584 καὶ
456 4535 598 4599 σπλάγχνων
611 4535 672 4599 χεῖρ’
687 4536 823 4597 ίπιπλῆσαι,

144 4597 189 4650 κάν
203 4601 256 4659 μἐν,
270 4603 351 4650 θέσπιε
366 4606 449 4665 κοῦρε,
465 4606 535 4664 ποιῇς
552 4601 629 4658 ταῦθ’,
646 4603 678 4654 ῶς
690 4600 815 4660 ἐπιτέλλω,

143 4666 222 4720 αἰετὸς
235 4668 259 4715 is
275 4667 387 4730 νερίλησι
399 4667 520 4728 γενήσεαι·
534 4668 557 4713 nl
569 4667 595 4715 δι’
607 4681 635 4714 κε
649 4668 681 4728 μή
692 4667 748 4729 θῶς,

145 4733 190 4780 οὐκ
205 4734 253 4780 lou
268 4733 297 4780 ού
309 4723 412 4795 splene,
428 4730 478 4779 ούθΙ
490 4731 579 4790 αἰετὸς,
594 4733 623 4781 ού
635 4734 811 4798 δρυκολάπτης.

145 4797 228 4862 Λύτάρ
246 4797 304 4856 ἐπήν
315 4795 420 4854 ἄκλητος
430 4797 474 4844 ἰῶν
488 4793 614 4861 ἅνθρωπος
627 4797 719 4855 ἀλαζὼν

143 4864 205 4926 λυπῇ
218 4861 328 4921 θύοντας,
343 4862 384 4912 καὶ
397 4862 567 4926 σπλαγχνεύειν
581 4861 693 4928 ἐπιθυμῇ,

146 4928 174 4986 δή
188 4927 243 4976 τότε
254 4929 301 4994 χρὴ
316 4927 413 4978 τύπτειν
426 4927 500 4977 αὐτὸν
510 4930 619 4993 πλευρῶν
632 4930 661 4978 τὸ
676 4929 775 4992 μετάξυ,

147 4993 188 5044 καὶ
200 4995 281 5056 pelion
295 4995 376 5058 μηθὲν,
393 4994 447 5057 μηθ’
462 4995 543 5043 αίετού
557 4995 581 5043 ίν
593 4996 715 5058 νερίλησι,

144 5060 200 5124 μήτ’
212 5055 240 5120 ἣν
252 5059 362 5122 Λάμπων
373 5055 400 5138 ᾖ,
415 5059 470 5122 μήτ’
482 5055 511 5120 ἢν
530 5063 543 5110 θ
555 5061 630 5124 με’γας
642 5051 776 5116 Διοπείθης.

113 5161 184 5210 Bene
197 5158 263 5209 vidit
277 5160 430 5212 scholiastes
441 5159 525 5224 jocari
542 5157 654 5211 voluisse
671 5160 796 5210 cornicum
815 5175 873 5222 poe-

113 5233 165 5276 tam
176 5225 247 5287 (τὀδί
258 5228 315 5278 θλον
326 5228 421 5290 παίζει).
431 5227 503 5286 Quod
513 5226 637 5276 fefellisse
645 5226 745 5276 ridetur
755 5225 872 5287 suidam,

1622 431 1678 487 539

921 565 980 602 cum
990 551 1083 602 aderat
1092 563 1139 619 pro
1149 553 1217 604 serio
1231 556 1330 606 habens
1340 555 1491 606 Bacidicum
1499 555 1683 622 Aristophanis

921 618 1054 695 oraculum
1064 619 1116 677 (καί
1129 622 1239 686 χρησμὸς
1253 621 1349 680 testata
1358 624 1424 697 παρά
1436 623 1537 678 Βάκιδος
1551 622 1596 698 τού
1610 641 1684 689 γρησ-

920 684 1049 798 μὲῗργρυ).
1062 685 1093 736 V.
1107 687 1155 736 sub
1166 701 1191 735 n.
1206 687 1253 735 278
1271 688 1338 737 hanc
1351 687 1487 752 Aristoph.
1504 688 1638 752 perediam
1657 699 1683 741 et

955 887 1045 938 LXIV.
1057 889 1171 954 Delphis.
1186 892 1286 955 cyriae.
1298 909 1323 958 p.
1335 907 1429 949 xxvur.
1440 909 1467 942 n.
1480 893 1535 951 l98.
1549 901 1575 944 et
1587 911 1617 944 ex
1629 896 1682 947 suis

923 959 950 1002 et
971 953 1072 1017 cyriaci
1093 955 1195 1006 schedis
1215 958 1343 1008 Murator.
1366 969 1384 1007 t.
1403 959 1435 1016 11,
1449 974 1476 1023 p.
1497 973 1631 1021 uuxxxvu,
1657 964 1680 1010 3.

924 1018 963 1068 Cf.
972 1019 1061 1069 Leich.
1072 1019 1100 1069 in
1110 1022 1245 1072 Mencken.
1258 1025 1330 1074 dli-rc.
1343 1025 1410 1088 lips.
1419 1037 1478 1075 aaa.
1490 1025 1540 1074 vol.
1552 1028 1575 1075 l.
1585 1041 1610 1090 p.
1625 1029 1682 1076 lot.

924 1084 1003 1133 Dedit
1014 1086 1123 1136 Bceclth.
1135 1088 1214 1152 Ocrp.
1223 1103 1250 1138 n.
1261 1089 1333 1138 titt.
1346 1116 1377 1126 -
1392 1089 1495 1139 Habent
1503 1090 1651 1142 Herodotus
1662 1093 1681 1147 ί,

925 1151 966 1211 Π,
981 1156 1007 1200 et
1018 1151 1112 1202 Suidas
1126 1167 1149 1204 v.
1164 1154 1279 1218 Κροῖσος.
1293 1155 1377 1204 Parce
1391 1154 1500 1204 detortis
1509 1153 1591 1205 utitur
1603 1157 1681 1207 OEno-
1697 1201 1699 1205 ,

925 1229 999 1265 maus
1017 1229 1062 1284 ερ,
1082 1217 1232 1280 Eusebium,
1248 1221 1329 1284 Praep.
1347 1235 1439 1285 euanp.
1462 1221 1493 1278 V.
1517 1223 1557 1286 at,
1583 1222 1682 1273 duobus

925 1279 1056 1345 prioribus
1070 1282 1196 1340 versibus.
1211 1291 1240 1334 ut
1257 1285 1408 1350 Apollinem
1426 1287 1433 1335 i
1454 1301 1511 1336 sum
1525 1285 1606 1351 ipsius
1620 1288 1683 1338 allo·

925 1355 1020 1410 quatur
1032 1348 1118 1398 verbis
1132 1365 1138 1398 :
1157 1340 1191 1399 'D
1205 1352 1273 1407 τίθῶς
1286 1350 1390 1414 ψάμμου
1403 1350 1425 1399 τ’
1437 1352 1538 1413 αριθμὸν
1553 1353 1594 1402 καὶ
1607 1355 1683 1420 μέτρα

925 1412 1046 1472 θαλάσσης
1060 1417 1065 1474 Ι
1080 1414 1121 1462 καὶ
1135 1415 1220 1479 κωφοῦ
1231 1417 1316 1473 ξυνιείς
1331 1421 1382 1467 κτλ.
1396 1445 1426 1453 -
1441 1418 1478 1469 Ut
1491 1417 1611 1482 Delphici
1627 1433 1683 1469 ora·

925 1477 977 1526 culi
992 1478 1127 1529 scientiam
1148 1481 1318 1545 experiretur,
1334 1483 1439 1532 Croesus
1455 1483 1557 1546 legatos
1575 1484 1681 1535 miserat

925 1541 969 1607 qui
980 1545 1122 1595 centesima
1132 1545 1173 1596 die
1183 1556 1318 1612 postquam
1331 1547 1456 1598 Sardibus
1464 1549 1573 1613 profecti
1586 1559 1681 1609 essent,

924 1607 1118 1674 interrogarent
1129 1610 1190 1676 quid
1203 1613 1258 1677 ipse
1269 1613 1358 1663 eadem
1370 1614 1420 1663 han
1437 1613 1479 1664 die
1490 1622 1589 1679 ageret.
1603 1616 1683 1680 Atqui

925 1673 951 1723 id
969 1674 1059 1738 utique
1073 1675 1234 1741 cogitaverat
1254 1679 1332 1742 quod,
1352 1687 1381 1728 ut
1397 1677 1446 1728 sibi
1461 1680 1584 1743 fingebat,
1606 1696 1682 1730 nemo

925 1747 969 1788 aut
983 1755 1059 1790 nosse
1071 1755 1116 1792 aut
1132 1743 1260 1807 conjicere
1277 1753 1365 1808 posset
1380 1760 1386 1794 ι
1407 1744 1561 1796 testudinem
1574 1746 1643 1796 enim
1658 1757 1683 1796 et

924 1819 1030 1869 agnum,
1046 1821 1104 1856 cum
1120 1807 1312 1873 discerpsisset,
1324 1809 1400 1860 simul
1420 1809 1477 1874 ipse
1492 1810 1519 1860 in
1534 1811 1586 1860 olla
1599 1826 1681 1872 mnes,

924 1871 1046 1987 iffi&
1056 1887 1129 1988 ιῗὲιεο
1142 1873 1407 2006 ῐιὲιροῖὶὲρᾶοοοὲρῗὶθ.
1416 1875 1582 2002 ἓοείᾱεθῶξιὲρ
1594 1892 1684 1992 Pitaiu-

984 1953 992 1986 1
1028 1953 1054 1986 m
1096 1954 1230 1990 nomast
1278 1956 1317 1990 .c.
1380 1944 1414 1990 :''
1434 1959 1503 1997 οικοις
1576 1945 1684 2000 ςαηῶς

923 2002 954 2050 τά
965 2003 1008 2066 μὲν
1015 2004 1063 2054 ὅσα
1076 2005 1179 2067 ψάμμου
1190 2004 1243 2060 ἄξιά
1251 2007 1316 2055 ίστιν
1327 2007 1500 2062 abscessisti
1509 2007 1534 2056 li
1543 2009 1616 2071 μηθὲν
1627 2010 1683 2058 είθὲ-

923 2069 1075 2132 ναι.Τθγούν
1085 2069 1164 2133 ὀσμήν
1177 2071 1201 2127 ίς
1210 2073 1349 2136 ρρίναςσὰς
1358 2073 1454 2122 ίλθιῖνκ
1471 2076 1602 2139 αταιρίνοιο
1627 2076 1683 2125 slei·

924 2149 967 2192 νης
980 2134 1108 2197 ίψομίνης,
1123 2137 1226 2199 ψάμμου
1238 2136 1303 2192 ίίξιον
1314 2137 1435 2202 ίπιστήμη
1480 2140 1527 2196 τίν,
1541 2142 1594 2188 κτλ.
1608 2092 1682 2189 ieri-

925 2199 969 2248 det
978 2206 1004 2248 et
1012 2199 1141 2250 Maximus
1152 2201 1245 2264 Tyrius
1255 2203 1333 2253 hasce
1345 2217 1427 2268 nugas
1438 2204 1469 2254 de
1480 2219 1568 2261 arena.
1576 2205 1642 2254 mari
1658 2213 1683 2255 st

925 2265 1010 2315 lebete
1029 2280 1101 2315 senso
1117 2265 1145 2315 in
1159 2268 1206 2317 Vll
1222 2273 1301 2326 orat,
1314 2269 1339 2327 θ,
1355 2278 1382 2318 et
1395 2269 1464 2331 XIX,
1475 2271 1500 2330 3,
1513 2276 1540 2320 st
1553 2270 1683 2335 Apollinis

925 2344 1052 2394 responso
1076 2331 1197 2382 allusisse
1220 2333 1321 2384 videtur
1343 2333 1473 2384 Pindarus
1493 2334 1519 2384 in
1541 2335 1563 2385 P
1582 2337 1618 2386 tt.
1636 2337 1681 2395 tx.

925 2397 956 2445 79
973 2411 1030 2460 sqq.
1050 2391 1070 2445 ὧ
1089 2397 1144 2456 ἄνα,
1161 2398 1264 2463 Ικύριον
1284 2396 1311 2455 ὃς
1339 2401 1438 2449 πάντων
1456 2401 1523 2456 τελος
1536 2403 1541 2462 Ι
1556 2351 1627 2450 sieta
1643 2403 1682 2450 καὶ

924 2462 1004 2518 πάσας
1015 2463 1152 2524 κελεύθους,
1168 2463 1173 2530 Ι
1187 2465 1252 2515 dona
1262 2466 1358 2531 τεχθῶν
1372 2466 1444 2528 ἠρινά
1456 2463 1682 2530 pontisarense,

924 2527 948 2592 χ’
957 2528 1052 2578 baioci
1066 2531 1071 2591 1
1086 2531 1111 2578 ίν
1120 2531 1229 2596 θαλάσσᾳ
1238 2531 1279 2580 καί
1287 2532 1407 2594 ποταμοῖς
1419 2531 1547 2595 ψάμμαθοι
1561 2542 1565 2584 t
1580 2533 1682 2596 κύμασι,

925 2593 1004 2658 ρίπαῖς
1017 2595 1038 2641 τ’
1051 2596 1147 2657 ἀνίμων
1162 2597 1311 2658 κλονέονται,
1326 2600 1379 2647 κτλ.
1395 2621 1425 2633 -—
1440 2597 1486 2646 Vs.
1502 2599 1526 2646 2.
1540 2598 1682 2647 OEnomaus

925 2665 952 2708 et
963 2657 1058 2709 Suidas
1072 2675 1077 2708 ι
1090 2662 1131 2710 καί
1144 2662 1173 2711 ού
1185 2663 1321 2717 λαλέοντος.
1337 2689 1368 2700 -
1382 2663 1428 2712 Vs.
1441 2664 1464 2713 3.
1479 2662 1571 2712 Suidas
1587 2679 1593 2712 ε
1610 2663 1682 2724 ἤλυθέ

926 2741 972 2787 μευ
989 2727 1157 2791 κρατιρίνοιο;
1170 2727 1215 2778 sed
1229 2727 1340 2776 barbare
1353 2728 1415 2778 licta
1427 2727 1586 2778 videturrox
1597 2744 1682 2792 κρατε-

925 2793 998 2854 ρίνος·
1009 2793 1172 2856 κραταιρίνοιο
1182 2807 1230 2858 pro
1238 2795 1352 2857 κραιειρή
1361 2786 1402 2842 oin
1413 2793 1480 2858 quod
1489 2793 1550 2844 olim
1563 2792 1588 2842 in
1600 2795 1681 2843 Hero-

925 2855 978 2904 doti
994 2863 1065 2906 textu
1087 2857 1234 2922 legebatur,
1257 2859 1290 2907 H.
1310 2857 1436 2923 Stephani
1458 2859 1609 2923 conjectura
1633 2871 1681 2914 est,

924 2937 1002 2986 quam
1016 2923 1115 2988 recepit
1126 2925 1171 2974 Fr.
1184 2923 1295 2988 Vigerus
1303 2924 1329 2972 in
1339 2923 1408 2974 notis
1418 2923 1451 2973 ad
1461 2924 1602 2976 Eusebium
1616 2941 1641 2988 p.
1653 2928 1681 2974 ts

924 2987 968 3037 ubi
984 2988 1085 3038 confert
1101 2988 1213 3053 Oppian.
1229 2989 1343 3038 Halieat.
1361 2990 1381 3050 l,
1403 2990 1460 3050 stt,
1477 2985 1626 3041 οἰσπιθύεσσα
1641 3007 1681 3055 χι-

923 3055 998 3112 λώνη.
1016 3080 1045 3091 -
1057 3055 1103 3104 Vs.
1119 3057 1143 3104 5.
1160 3055 1195 3104 id.
1208 3057 1357 3122 θπίρκειται,
1374 3055 1451 3104 mals.

955 3185 1034 3236 LXV.
1055 3187 1092 3234 Ex
1108 3187 1235 3236 OEnomao
1254 3187 1348 3235 Euseb.
1367 3186 1449 3251 Praep.
1471 3199 1562 3250 ευονερ.
1584 3186 1616 3244 V,
1635 3187 1680 3244 2t;

923 3250 995 3300 dedit
1004 3257 1031 3300 el
1042 3251 1136 3300 Suidas
1154 3267 1194 3300 εν.
1213 3253 1300 3310 ιἈλιιν,
1314 3253 1420 3319 Κροῖσος
1437 3259 1463 3301 ct
1478 3252 1577 3309 Δοξίαςς
1590 3251 1682 3300 alludit

924 3314 982 3366 Dio.
999 3317 1130 3379 chrysost.
1145 3319 1218 3368 Orat.
1232 3318 1265 3377 X,
1277 3332 1303 3381 p.
1317 3319 1365 3366 tut
1377 3317 1409 3367 R.
1423 3317 1483 3366 :ael
1494 3317 1574 3367 τοίνυν
1588 3319 1618 3366 τά
1629 3321 1683 3383 περὶ

925 3383 1031 3447 Ιίροίσον
1044 3382 1154 3440 άκήκοας
1168 3384 1210 3431 τὸν
1224 3383 1303 3432 Audis
1320 3381 1346 3438 ὃς
1363 3383 1500 3444 ἠθούμενος
1512 3385 1633 3433 πείθεσθαι
1648 3385 1682 3446 τῷ

924 3449 971 3510 θεῷ
984 3447 1075 3502 παντθς
1089 3447 1177 3511 μᾶλλον
1191 3449 1232 3496 καί
1245 3449 1352 3504 ossea<
1368 3450 1418 3498 τὸν
1433 3449 1570 3512 ποταμὸν
1588 3451 1681 3506 Ἅλυν,

923 3515 976 3572 τήν
989 3514 1082 3577 ἀρχὴν
1095 3509 1208 3563 ἀπίθολι.

956 3645 1046 3694 LXVI.
1072 3645 1185 3692 Pausan.
1209 3643 1242 3702 X,
1265 3644 1305 3702 ts,
1327 3645 1342 3692 2
1363 3643 1481 3692 :Datum
1505 3645 1538 3692 ab
1561 3642 1682 3706 Apolline

925 3709 1051 3775 Delphico
1063 3709 1197 3759 oraculum
1210 3709 1313 3759 Achaeis
1332 3708 1524 3758 sciscitantibus
1541 3723 1591 3772 quo
1606 3708 1683 3756 modo

923 3776 1071 3826 AEmlornm
1080 3775 1171 3824 urbem
1182 3774 1300 3832 Pharan,
1313 3790 1390 3839 quam
1401 3773 1562 3831 obsidebant,
1573 3773 1597 3822 ri
1606 3788 1683 3836 erpu-

924 3857 1004 3904 gnare
1028 3841 1133 3891 tandem
1152 3847 1266 3904 possent.
1287 3840 1361 3898 Quod
1381 3839 1514 3889 oraculum
1540 3853 1598 3886 cum
1622 3838 1682 3902 quid

923 3906 1083 3970 significaret
1106 3905 1211 3954 minime
1232 3904 1417 3970 intelligerent,
1433 3904 1518 3952 soluta
1540 3902 1681 3960 obsidione,

920 3974 976 4037 jam
988 3973 1093 4022 domum
1104 3971 1190 4020 redire
1206 3971 1384 4021 decreverant.
1406 3971 1513 4019 Hostem
1529 3970 1605 4032 plane
1622 3983 1682 4018 con-

923 4040 1073 4089 temnebant
1081 4044 1106 4086 et
1116 4036 1215 4086 obsessi
1232 4035 1278 4086 alii
1291 4043 1317 4086 et
1325 4036 1421 4086 mulier
1430 4034 1548 4100 quaedam
1559 4034 1591 4083 ad
1601 4035 1684 4099 proxi-

923 4120 993 4154 mum
1006 4105 1107 4154 fontem
1121 4119 1135 4152 e
1149 4102 1232 4168 portis
1249 4117 1365 4168 egressa.
1382 4103 1447 4152 dam
1461 4099 1573 4149 militum
1589 4101 1683 4164 glolius

922 4171 1073 4222 excursione
1084 4168 1153 4218 lacta
1171 4167 1300 4234 captivam
1316 4167 1343 4217 in
1358 4175 1446 4219 castra
1459 4167 1620 4231 pertrahunt.
1634 4166 1684 4215 Do-

922 4243 1014 4287 centur
1033 4237 1066 4286 ab
1088 4248 1120 4284 ea
1137 4233 1229 4284 Achai
1249 4233 1393 4298 oppidanos
1411 4239 1489 4282 noctu
1507 4246 1537 4281 ex
1559 4247 1590 4282 eo
1613 4232 1682 4282 sonte

922 4317 1016 4367 aquam
1029 4303 1149 4352 haustam
1163 4301 1216 4350 suis
1230 4298 1353 4360 dividere,
1367 4314 1451 4364 neque
1460 4313 1505 4347 eos
1517 4298 1550 4346 ad
1564 4295 1633 4346 sitim
1648 4298 1686 4347 les

923 4370 1033 4419 vendam
1048 4366 1118 4416 aliud
1128 4367 1268 4431 quidquam
1283 4365 1399 4430 preasidii
1408 4363 1512 4414 habere.
1524 4363 1683 4412 conturbato

923 4435 1010 4498 itaque
1025 4433 1103 4492 sonte,
1111 4431 1234 4496 oppidum
1248 4429 1338 4480 Achaei
1352 4431 1467 4494 capiunt.
1489 4429 1610 4479 Exhibuit
1622 4428 1683 4478 Gal-

923 4501 996 4558 laus,
1016 4500 1091 4548 Οινιο.
1104 4501 1154 4547 vet.
1172 4500 1246 4546 metr.
1264 4510 1289 4559 p.
1310 4497 1350 4552 2θ,
1368 4496 1412 4544 Vl.
1432 4523 1462 4532 -
1481 4495 1528 4543 Vs.
1548 4494 1572 4543 i.
1589 4494 1684 4543 Aldina

923 4566 1130 4624 ι1οιήὸὲ,ιιι.ιίε,
1144 4571 1247 4612 secutus
1259 4569 1299 4610 est
1314 4569 1399 4610 tamen
1419 4561 1449 4610 L.
1464 4559 1582 4609 Diodori.

956 4696 1059 4746 LXVII.
1074 4697 1112 4745 Er
1129 4695 1258 4745 OEnomao
1272 4693 1366 4742 Euseb.
1387 4693 1468 4755 Prap.
1484 4706 1576 4754 σιἀιιρ.
1591 4691 1623 4748 V,
1641 4691 1682 4750 36,

925 4770 951 4812 et
971 4762 1127 4812 Theodoret.
1149 4761 1181 4814 X.
1203 4760 1239 4808 De
1258 4757 1357 4808 oracul.
1380 4775 1404 4821 p.
1426 4758 1472 4806 ast
1493 4757 1533 4806 ed.
1551 4754 1632 4806 Gaisi.
1656 4785 1682 4794 -

924 4830 970 4878 Vs.
986 4828 1011 4878 2.
1021 4828 1155 4884 Φαλληνθν,
1169 4826 1273 4875 (Εποιει,
1286 4839 1292 4872 2
1307 4825 1400 4874 θύουσι
1413 4823 1459 4888 γάρ
1471 4823 1496 4870 σί
1503 4823 1582 4874 πόλεις
1593 4821 1635 4869 καὶ
1648 4837 1683 4869 τε·

924 4895 994 4950 λιτὰς
1008 4891 1109 4958 ἄγουσιν
1127 4893 1156 4942 οὐ
1175 4893 1249 4953 μόνον
1262 4889 1389 4951 ραλληνοῖς
1409 4888 1538 4938 Διονύσοιο
1557 4887 1682 4951 καρήνοις,

925 4955 983 5010 lita
993 4959 1035 5008 acl
1045 4957 1139 5013 λιθίνοις
1147 4958 1188 5005 καί
1197 4957 1338 5020 χαλκίοις...
1355 4974 1367 4998 ι
1381 4953 1461 5003 Nulla
1471 4968 1502 5002 ex
1513 4950 1588 5001 libris
1602 4965 1682 5000 anno·

926 5033 980 5076 tata
1003 5023 1138 5099 scripturae
1160 5019 1308 5072 diversitate
1328 5027 1422 5084 praeter
1439 5017 1633 5081 φαλληνοτιμῶσι
1653 5031 1683 5064 ex

926 5088 1106 5155 antiquissimo
1125 5085 1231 5138 Eusebii
1245 5084 1343 5144 codice,
1357 5083 1425 5148 quod
1444 5084 1601 5132 fortassean
1619 5097 1683 5132 vera

926 5155 1056 5222 scriptura
1066 5155 1191 5213 Φαλλήνος
1201 5153 1290 5216 τιμῶσι
1299 5157 1448 5213 οοτιιιριιιιο
1463 5147 1548 5213 potius
1563 5161 1640 5212 quam
1652 5163 1682 5196 ex

925 5223 1019 5273 vitiosa
1028 5219 1249 5284 pultariensem,
1260 5216 1395 5266 licethanc
1407 5215 1539 5280 postulare
1548 5213 1683 5264 videantur
