4102 6026
304 397 360 456 l8l·
753 399 1010 460 ANTHOLOGIAE
1030 397 1182 460 GRAECAE
1203 397 1432 460 Aprnuolcls

342 516 449 610 θοῦρος
463 534 512 590 isliu
527 537 674 612 προπάτωρ
688 533 827 610 ἡμετέρης
836 536 945 607 γενεῆς·

302 619 329 674 έν
344 625 447 698 νομικῇ
461 622 620 700 προύχοντα
631 618 824 699 Κλεόμύροτον
838 621 946 699 ἥρπασε
961 621 1061 698 Μοῖρα,

339 712 434 787 πρῶτοι
451 714 650 788 αυνεσπόμενον
666 708 774 786 βήματι
786 706 867 765 Βιθυν
901 710 930 766 ‘.

273 795 286 842 3
301 796 383 854 δστεα
395 795 421 854 δ’
436 801 472 864 είς
484 802 591 878 πάτρην
606 800 621 856 ό
636 801 727 877 πάτηρ
742 729 1017 874 ύπάσσατΐθοῦρος,

339 888 387 942 καί
400 886 549 960 κατέθηκεν
565 885 653 967 θύρας]
670 885 733 943 ίνθα
747 883 807 965 [περ
821 883 857 966 ol]
873 889 1014 964 πρόγονοι.

301 975 385 1054 Ηρῴιρ
400 973 425 1032 δ’
440 978 479 1032 tot
492 973 561 1054 τῷδε
576 980 623 1032 καὶ
634 973 718 1032 ἀλλοι
731 973 857 1053 ρίλτατοι
870 977 982 1046 κεῖνται,

338 1065 579 1144 Τιμήειςιλίρόνιος
593 1067 650 1130 υίός
662 1085 691 1120 τε
705 1061 900 1142 Πολυχρόνιος.

594 1207 662 1266 565.
676 1215 773 1264 ΑΛΛΟ.

274 1353 279 1360 ·
301 1329 392 1398 neum
411 1328 459 1403 μέν
475 1324 559 1391 κῦδος
572 1324 727 1406 Τερτύλλου
757 1362 1061 1386 ..........

340 1415 370 1472 lte
383 1435 412 1471 τε
426 1418 517 1492 σοφῶν
533 1415 618 1492 ίργων
633 1415 663 1470 έκ
675 1412 699 1470 τ’
715 1413 825 1492 ἀγαθῶν
838 1416 977 1490 πατέρων·

274 1528 280 1542 ν
299 1507 346 1560 νύν
357 1501 382 1559 δ’
394 1503 433 1559 ίτι
445 1522 499 1560 που
515 1506 563 1560 καί
578 1500 698 1580 μᾶλλον,
713 1501 866 1580 ἀρηϊφίλων
881 1500 926 1556 ότε
941 1500 1036 1576 ρωτῶν

338 1595 440 1663 τόσσην
455 1593 482 1648 ἐν
498 1589 617 1657 σταδίοις
631 1593 768 1670 ἐστόρεσεν
783 1589 923 1668 στρατιὴν,

272 1688 286 1736 t
300 1682 415 1760 άρκτους
428 1677 580 1759 πορδάλιάς
590 1700 620 1736 τε
634 1682 795 1736 κατέκτανεν
807 1674 860 1749 ἠδέ
874 1675 997 1742 λέοντας,

339 1771 413 1846 equite
428 1771 546 1826 κτεάνων
561 1772 669 1846 πάτρην
682 1763 867 1845 πρεσόυτέρην
881 1763 1007 1840 θέμενος·

299 1861 336 1935 τῷ
354 1857 423 1934 μετά
435 1855 541 1913 κλεινόν
555 1840 629 1935 Ᾰρην
647 1857 791 1931 έναγώνιός
804 1855 859 1909 ἐστι
873 1838 1030 1930 καίθρμῆς

338 1949 416 2015 νίκην
435 1949 576 2024 πορσύνων
590 1941 719 2023 ἀνδράσιν
734 1941 910 2021 ἀθλοφόροις.

299 2033 421 2092 Τούνεκα
435 2038 482 2090 καὶ
496 2033 628 2112 βασιλῆες
642 2031 808 2090 έπιστέλλειν
823 2033 984 2088 έπένευσαν·
1027 2035 1030 2042 “

272 2121 287 2170 0
340 2125 369 2179 αί
383 2120 408 2178 δ’
424 2124 519 2202 ἀρεταί
532 2127 631 2179 τούτου
646 2123 693 2179 καί
704 2125 845 2200 προγόνων
860 2119 982 2183 πλέονες.

160 2217 165 2232 ’
279 2227 283 2236 ·
301 2213 386 2287 Σῆμα
400 2209 441 2283 δέ,
458 2215 500 2268 ael
513 2215 595 2289 τέχνη
615 2212 733 2288 Φρύγιον
747 2207 825 2265 λίθον
841 2209 910 2286 ίργιρ
929 2203 1063 2284 έλέ[γχει,

279 2319 283 2326 ’
341 2297 484 2376 ψεύδεται·
502 2301 533 2378 lit
545 2301 628 2376 γαίης
640 2295 723 2368 τῆσδε
738 2301 840 2375 πέρνκι
857 2294 951 2374 [λίθος.

591 2607 659 2667 566.
676 2615 775 2663 enno,

282 2759 285 2766 ·
303 2734 342 2793 Ού
357 2738 387 2791 τό
402 2732 491 2790 θανεῖν
507 2731 644 2811 ἀλγεινόν,
664 2732 723 2787 ἐπεὶ
735 2727 799 2788 τόδε
813 2733 881 2786 πάσι
893 2731 1044 2808 πέπρωται,

282 2857 286 2864 ·
342 2823 416 2880 ἀλλά
430 2825 492 2902 πρὶν
504 2821 618 2893 ἡλικίης
631 2822 680 2877 καί
692 2821 794 2896 γονέων
809 2822 951 2897 πρότερον.

302 2912 341 2971 Οὐ
355 2916 458 2990 γάμον,
477 2913 528 2970 οὐκ
540 2910 670 2986 ὑμέναιον
685 2907 762 2973 teos,
785 2909 817 2963 ού
831 2911 938 2984 νύμρια
951 2905 1062 2984 λέκτρα,

340 3002 445 3076 κεῖμαι,
463 2999 529 3076 ἐρῶν
541 2993 665 3062 πολλῶν,
681 2995 812 3072 ἐρόμενος
824 2991 958 3052 πλεόνων.

573 3229 660 3288 “56“ί.
676 3233 774 3283 ΑΑΔΟ.

302 3352 416 3429 Οθνομά
436 3372 485 3430 μοι
499 3349 652 3418 Μενέλαος·
670 3352 739 3430 ἀτάρ
754 3349 839 3428 δέμας
853 3345 949 3405 ένθάδε
967 3351 1064 3414 κεῖται,

341 3441 419 3520 ψυχὴ
436 3439 461 3497 δ’
475 3439 617 3497 ἀθανάτων
630 3437 726 3518 αἰθέρα
739 3440 868 3497 ναιετάει.

593 3585 661 3644 568.
677 3591 775 3642 ΑΛΔΟ.

304 3751 419 3772 .....
435 3706 569 3789 γ]ενόμην
585 3707 751 3789 Μ[αρεωτίδι
762 3711 843 3788 γαίη,

340 3795 447 3880 κεϊμ]αι
460 3796 485 3855 δ’
499 3797 612 3877 ἠγαθέῳ
627 3797 778 3878 Κέ[κροπος
792 3794 831 3877 ἀ]ν
846 3793 967 3874 δαπέδῳ.

594 3941 662 4000 569.
679 3948 775 3998 nuno.

305 4097 332 4134 α.
344 4075 449 4154 Πατρός
459 4072 500 4132 ἀπ’
508 4071 640 4155 εύσε[ύίη]
649 4076 765 4151 μικενός
774 4073 1064 4154 τάροςῶδικατέσχεν,

342 4161 416 4242 ἀλ]λ’
433 4167 483 4222 ούκ
498 4166 525 4220 έν
539 4168 607 4242 γαίη
622 4161 690 4242 τῇδε
706 4162 793 4220 θανὼν
807 4166 926 4240 έτάρηψ

303 4253 444 4331 Σμυρναία
460 4250 489 4308 δέ
502 4255 574 4316 κόνις
590 4251 618 4330 μ’
634 4251 805 4329 έκαλύψατο,
820 4251 963 4331 γηραλέης
976 4251 1006 4308 δέ

344 4339 453 4406 ἐλπίδος
467 4344 518 4398 οὐκ
531 4339 620 4411 ἦλθον
634 4343 701 4420 πρός
711 4339 809 4398 πολιόν
822 4340 983 4418 πλόκαμον·

271 4439 285 4488 5
301 4425 387 4485 παῖδα
408 4427 432 4486 δ’
446 4413 582 4500 Ᾰκινότου
600 4449 633 4508 με
648 4432 806 4507 συνώνυμον
819 4431 927 4508 ἥρπασε
945 4433 1047 4509 πατρὸς

340 4519 441 4598 Μοῖρα,
456 4520 541 4575 κακόν
557 4521 660 4597 γονέων
672 4521 832 4598 χηροσύνης
845 4518 974 4598 δάκρυον.

302 4659 325 4720 β.
466 4653 601 4720 Νεωτέρου
622 4652 745 4711 Ἀνικήτον
759 4649 894 4715 έπιτάριον.

328 4768 420 4832 Ὅστις
432 4767 530 4846 νεκράν
543 4763 678 4844 πρόσοψιν
693 4764 818 4841 ἀρανίσει
830 4765 925 4819 τέκνου

341 4855 427 4921 οὕτως
441 4858 542 4934 ἀώροις
554 4855 726 4932 περιπέσοιτο
741 4855 903 4931 συμφοραῖς.

596 4995 663 5054 570.
680 5001 777 5050 nnnc.

299 5144 328 5183 α.
372 5105 409 5186 ὒς
422 5119 448 5177 δ’
461 5121 493 5176 ἂν
507 5121 647 5199 προσοίσει
659 5122 740 5197 χεῖρα
751 5119 801 5190 τὴν
815 5116 997 5199 βαρύφθονον,

379 5207 464 5275 οὕτως
478 5211 577 5288 ἀύροις
589 5212 761 5288 περιπέσοιτο
775 5214 937 5289 συμφοραῖς.

1153 553 1213 594 cum
1228 543 1299 608 erat,
1314 536 1404 593 nurus
1417 553 1485 593 avus
1498 539 1599 592 nostras
1613 533 1729 610 stirpis:

1117 625 1146 681 in
1159 624 1268 700 legibus
1283 629 1459 700 praestantem
1472 621 1673 683 Cleombrotum
1687 621 1780 697 rapuit
1793 622 1877 677 Parra

1152 713 1241 787 prima
1251 719 1448 787 consequutum
1462 711 1491 769 in
1505 711 1564 769 soro
1579 711 1724 786 Bithynico
1745 728 1752 766 τ

1118 818 1182 859 ossa
1195 807 1287 859 autem
1298 801 1327 857 in
1341 799 1458 875 patriam
1472 805 1551 873 pater
1563 799 1654 858 attulit
1667 798 1768 867 Rufus,

1153 896 1181 948 et
1194 889 1322 964 deposuit
1335 888 1442 945 sublata
1455 886 1501 945 ubi
1517 893 1582 946 sunt
1595 885 1700 961 proavi.

1118 978 1149 1035 ln
1161 979 1246 1036 heroo
1260 978 1344 1036 hoece
1358 984 1386 1035 et
1399 976 1445 1033 alii
1458 975 1615 1034 amicissimi
1624 975 1728 1050 jacent,

1152 1065 1255 1123 Timeis
1265 1065 1400 1124 Chronius
1414 1064 1540 1139 illiusque
1554 1063 1764 1138 polychronius.

1409 1212 1470 1266 5θ5.
1490 1216 1590 1260 atron.

1118 1338 1226 1413 Ubique
1240 1337 1350 1412 quidem
1363 1342 1402 1394 est
1415 1335 1528 1393 Tertulli
1539 1334 1627 1409 gloria
1647 1375 1774 1391 .....

1154 1443 1189 1484 ex
1202 1426 1341 1501 sapienter
1353 1423 1435 1482 iactis
1448 1429 1531 1498 atque
1543 1423 1623 1480 bonis
1638 1420 1799 1495 parantibus
1815 1436 1822 1476 :

1117 1533 1190 1573 nunc
1204 1515 1293 1572 adhue
1307 1519 1336 1572 et
1350 1511 1440 1586 magis
1454 1529 1516 1569 eum
1535 1509 1796 1568 Martis-amicorum
1809 1508 1883 1564 viro-

1152 1610 1257 1662 tantum
1270 1603 1299 1660 in
1311 1599 1408 1660 stadiis
1422 1599 1520 1657 stravit
1533 1597 1694 1664 exereitum,
1802 1598 1883 1671 [τουπ

1117 1708 1208 1759 υτεοε,
1223 1689 1402 1764 pardalesque
1413 1686 1514 1746 oceidit
1527 1692 1609 1761 atque
1621 1686 1726 1756 leones,

1154 1777 1211 1836 suis
1226 1775 1305 1834 bonis
1319 1775 1393 1850 quod
1408 1775 1525 1850 patriam
1540 1773 1724 1848 antiquiorem
1738 1773 1865 1830 laceret:

1118 1867 1162 1925 cui
1186 1872 1249 1943 post
1272 1865 1393 1922 inclitum
1413 1865 1529 1922 Martem
1551 1859 1885 1920 certaminum-studiosus

1586 1950 1677 2024 [adest
1691 1957 1720 2006 et
1733 1947 1885 2005 Mercurius

1153 2023 1294 2100 victoriam
1309 2042 1435 2116 prebens
1449 2040 1516 2097 viris
1530 2036 1821 2114 premia-lerentibus.

1119 2131 1238 2206 Propter
1257 2131 1331 2204 quod
1351 2137 1380 2187 et
1402 2147 1483 2203 reges
1502 2127 1701 2202 (imperatores)
1725 2124 1885 2198 epistolam-

1212 2305 1218 2319 .
1256 2306 1263 2318 .
1456 2217 1533 2291 [dare
1548 2217 1585 2272 σά
1600 2231 1660 2272 eum
1674 2213 1782 2312 dignati¹
1796 2218 1884 2270 sunt:

1155 2307 1298 2380 sedrpsrus
1311 2305 1402 2381 plures
1412 2303 1454 2361 vel
1467 2320 1549 2378 quam
1561 2319 1673 2360 anorum
1684 2307 1748 2358 snut
1757 2306 1884 2358 vrnutes.

1120 2396 1389 2468 Monumentumque,
1398 2392 1450 2450 etsi
1461 2410 1506 2450 ars
1514 2390 1666 2466 Phrygium
1674 2389 1792 2465 lapidem
1801 2405 1886 2463 opera

1155 2483 1285 2540 mentitur
1298 2499 1305 2538 :
1320 2488 1421 2538 eterra
1432 2480 1516 2536 haece
1527 2486 1609 2537 natus
1621 2485 1663 2535 est
1674 2477 1755 2552 lapis.
1770 2476 1885 2551 [arguit

1413 2614 1475 2669 566.
1489 2621 1588 2665 aurun.

1120 2739 1181 2798 Non
1194 2738 1263 2796 mori
1277 2737 1421 2795 molestum
1438 2743 1491 2807 est,
1507 2736 1609 2811 quippe
1628 2753 1690 2792 cnm
1709 2735 1737 2790 id
1758 2735 1887 2793 omnibus

1549 2825 1634 2898 [sorte
1647 2823 1823 2881 distributum
1837 2823 1885 2892 sit,

1156 2914 1205 2972 sed
1218 2917 1290 2972 mori
1303 2920 1368 2971 ante
1381 2915 1488 2986 juetam
1504 2918 1611 2968 etatem
1624 2918 1653 2969 et
1667 2917 1730 2969 ante
1745 2917 1884 2986 parentas.

1120 3003 1181 3060 Non
1190 3001 1311 3077 nuptias,
1320 3019 1376 3059 non
1383 3002 1553 3076 hymeneum
1562 2998 1610 3074 qui
1619 2999 1686 3067 vidi,
1696 3016 1752 3057 non
1763 2999 1887 3074 geniales

1152 3092 1242 3166 jaceo,
1256 3107 1350 3148 amans
1360 3089 1470 3160 multos,
1482 3095 1589 3146 amatus
1604 3105 1621 3144 a
1636 3086 1771 3164 pluribus.
1787 3089 1885 3162 [toron

1416 3235 1477 3288 567.
1490 3233 1590 3283 struo.

1122 3359 1228 3416 Nomen
1239 3355 1306 3413 mihi
1319 3355 1478 3413 Menelaus:
1494 3352 1570 3428 atqui
1589 3369 1689 3426 corpus
1704 3352 1748 3409 hle
1759 3352 1845 3427 jacet,

1157 3448 1207 3506 sed
1220 3446 1327 3504 animus
1341 3441 1531 3500 immortalium
1545 3440 1649 3496 athera
1663 3439 1780 3497 habitat.

1415 3587 1477 3642 568.
1497 3591 1598 3635 amun.

1123 3754 1227 3771 .....
1243 3713 1332 3769 Natus
1344 3725 1403 3766 sum
1417 3707 1445 3764 in
1458 3705 1609 3764 Mareotica
1622 3713 1706 3772 terra,

1156 3802 1235 3876 jaceo
1249 3805 1340 3856 autem
1355 3797 1383 3853 in
1395 3793 1581 3852 valde-divino
1593 3791 1723 3866 Cecropis
1738 3791 1806 3850 solo.

1420 3939 1483 3995 569.
1503 3945 1603 3990 norun.

1157 4163 1204 4222 sed
1220 4182 1274 4223 non
1289 4162 1316 4219 in
1330 4162 1415 4218 haece
1430 4167 1503 4218 terro
1517 4164 1640 4215 mortuus
1659 4156 1783 4231 sepultus
1802 4171 1863 4212 sum
1879 4170 1886 4211 :

1120 4255 1278 4330 Smyrnaeus
1292 4257 1384 4310 eutem
1396 4248 1486 4326 pulvis
1501 4265 1544 4304 me
1559 4245 1692 4316 contexit,
1707 4244 1856 4319 senilisque

1156 4344 1216 4419 spei
1227 4359 1281 4398 non
1292 4338 1354 4398 reni
1366 4339 1402 4396 ad
1416 4354 1499 4396 cenos
1512 4335 1611 4394 crines.

1121 4432 1218 4490 Filium
1226 4436 1318 4488 autem
1327 4425 1434 4485 Aniceti
1441 4443 1484 4482 me
1497 4423 1686 4498 cognominem
1696 4421 1789 4496 rapuit
1797 4421 1887 4496 patris

1068 4563 1070 4569 .
1156 4521 1254 4588 Ρετοε,
1269 4516 1370 4574 malum
1383 4519 1528 4592 parentum
1542 4510 1669 4570 orbitatis
1683 4509 1866 4568 lacrimosum.

1120 4651 1145 4702 ό.
1289 4645 1407 4700 iunioris
1421 4643 1524 4697 Aniceti
1538 4643 1710 4710 epitaphium.

1155 4769 1314 4843 Quicunque
1329 4771 1464 4824 mortuam
1478 4763 1598 4838 speciem
1616 4761 1673 4820 nati
1688 4759 1826 4824 abolebit.

1154 4857 1196 4916 sie
1208 4857 1238 4915 in
1252 4856 1395 4914 indecoras
1410 4851 1513 4910 ineidat
1523 4850 1704 4909 calamitates.

1412 4999 1474 5053 570.
1493 5005 1594 5049 struo.

1087 5189 1092 5204 ,
1118 5145 1145 5184 c.
1167 5125 1327 5197 Quicunque
1341 5121 1441 5178 inferet
1457 5121 1520 5176 truie
1532 5121 1654 5192 sepulcro
1668 5133 1778 5175 manum
1792 5115 1882 5191 gravi-

1087 5213 1092 5301 Ι
1119 5216 1158 5273 sie
1171 5213 1307 5271 deformes
1319 5209 1422 5268 ineidat
1433 5209 1459 5265 in
1475 5207 1653 5264 calamitates.
1682 5205 1883 5280 [ter-invidam,

1122 4097 1149 4136 ο.
1168 4077 1261 4134 Patris
1281 4092 1331 4151 per
1350 4073 1481 4148 pietatem
1503 4087 1547 4127 me
1569 4069 1650 4126 inane
1673 3976 1889 4142 seputciiiiiiii
