4136 6036
660 487 663 492 ι
761 413 1018 473 ‚lNTllOLOGlAE
1038 413 1190 476 GRAECAE
1210 419 1437 478 Appunulcts

620 547 688 603 eut.
708 555 802 603 Αονιι.

539 641 579 696 Εἰς
588 640 646 690 ναὸν
659 643 703 688 τοῦ
717 641 840 702 Σωτῆρος.

387 728 425 806 Ως
438 745 486 800 τοῦ
502 741 590 797 πόλου
607 745 723 817 μίμημα
737 743 783 798 τὸν
796 741 882 819 θύμον
900 743 1008 818 βλέπων

348 851 375 889 α.
392 827 421 896 ἐξ
435 833 553 908 ούρανοῦ
566 835 668 885 κάτεισι
682 831 794 908 Χριστός
808 834 855 886 σὺν
871 817 974 908 ρίλοις·

350 919 377 993 β.
394 923 480 981 πίστις
492 915 521 972 δέ
533 917 620 973 πείθει
632 921 719 972 ταῦτα
733 921 780 973 σὺν
795 919 930 995 Γεωργίῳ.

390 993 412 1062 fl
427 1010 474 1062 καί
487 1005 573 1062 πόλον
588 1005 689 1062 τέθεικε
703 1003 781 1061 τόνδε
795 1008 842 1062 τὸν
858 1005 956 1082 δόμον·

279 1099 292 1144 ⁵
349 1094 374 1154 δ.
393 1097 471 1172 ἔργον
485 1091 515 1150 δέ
527 1095 619 1172 χειρός
631 1099 718 1150 ταῦτα
735 1095 774 1171 μή
791 1099 957 1150 πιστευτέον.

599 1218 667 1276 303.
684 1227 781 1276 Anto.

348 1325 406 1381 0οκ
421 1325 487 1402 ἔργα
500 1325 592 1401 χειρός
605 1327 709 1378 ταῦτα·
728 1328 766 1400 μη
781 1345 821 1389 τις
835 1323 951 1380 ἐλπίσαι·

348 1411 412 1468 ἀλλ’
429 1415 547 1490 ούρανοῦ
561 1415 666 1467 κάτεισι
678 1411 791 1489 Χριστὸς
804 1415 851 1468 σὺν
867 1410 970 1489 φίλοις·

347 1504 507 1578 Νικηρόρον
520 1503 615 1570 νίκησε
630 1503 694 1554 νοῦν
707 1519 736 1556 τε
751 1503 798 1556 καί
811 1499 908 1576 λύγον.

348 1591 434 1667 ίΙύχει
450 1591 497 1665 μέν
513 1589 620 1666 ἄστροις
631 1589 678 1642 καὶ
693 1593 793 1664 ραεενῷ
809 1589 951 1666 Φωσρύρῳ

346 1677 441 1743 πύλας,
454 1680 489 1732 τά
503 1679 597 1754 πρῶτα
607 1680 661 1731 τῶν
675 1674 767 1730 καλῶν
782 1680 869 1753 ρέρων
882 1680 966 1754 γέρα·

348 1764 410 1821 ἀλλ’
427 1767 452 1820 ἐν
468 1761 546 1840 δόμῳ
561 1767 619 1827 νῦν,
636 1765 672 1826 ὡς
686 1765 734 1838 μέν
746 1761 833 1819 ἄλλον
848 1765 1009 1840 Φωσρόρον,

345 1855 391 1910 τόν
403 1853 517 1930 Χριστόν
533 1852 627 1916 αὐτόν,
638 1853 702 1914 τοὺς
714 1849 739 1904 δ’
753 1851 907 1928 ὑπουργοὺς
920 1853 967 1906 καί
977 1848 1072 1928 φίλους

345 1941 514 2006 κυκλοῦντας
528 1943 622 2006 αὐτόν,
638 1941 723 2018 ἄστρα
737 1938 879 2014 πάγκαλα,
899 1937 1018 2014 βλέπων,

348 2033 428 2096 αὐτὸς
441 2029 502 2086 καθ’
519 2030 604 2084 αύτού
621 2025 734 2105 δεύτερα
749 2027 909 2104 ψηφίζεται.

598 2153 666 2212 304.
684 2159 780 2210 anno,

307 2261 430 2324 Ιίάλλεος
442 2258 477 2330 ἦν
494 2261 557 2337 ἔρις·
574 2259 690 2336 οὐρανὸς
704 2259 831 2334 ἄστροισιν
847 2259 943 2335 εὔχετο
955 2261 1046 2314 νικάν·

345 2349 427 2428 αἰθὴρ
440 2351 598 2427 ἀστράπτων
612 2349 675 2424 ᾔτεε
690 2350 784 2422 πρῶτα
796 2349 875 2423 γέρα.

306 2427 343 2505 ίλς
355 2437 384 2494 δί
395 2437 481 2514 δόμος
489 2433 679 2514 προύθάλλετο
691 2431 852 2504 δεσποτικὴν
864 2438 947 2511 μόνον
957 2433 1069 2512 αἴγλην,

345 2525 460 2593 indeed,
477 2523 524 2581 οἷα
534 2523 647 2601 λύχνος,
659 2521 766 2578 κάλλεα
778 2525 903 2600 οὐράνια.

601 2647 670 2705 305.
693 2655 788 2706 annu.

347 2753 439 2811 Πύλου
457 2755 505 2830 μέν
521 2751 614 2829 αἰθήρ,
631 2753 727 2829 ἄστρα,
747 2753 834 2827 μήνη,
849 2751 1009 2828 Φωσφόρος·

347 2844 436 2920 δόμου
452 2840 482 2897 δέ
499 2843 605 2918 Σωτήρ,
624 2838 748 2916 ἄγγελοι,
768 2843 871 2915 μήτηρ,
889 2837 974 2915 ρίλοι.

347 2935 391 2994 Τίς
405 2934 498 2999 ἰσότης
510 2931 577 3006 πρὸς
589 2932 690 2996 ταύτας
706 2930 773 2982 ποία
788 2931 937 3004 σύγκρισις

346 3023 402 3090 Τὴν
416 3017 501 3089 ἧτταν
517 3013 600 3095 εὗρες,
618 3015 734 3094 Οὐρανέ,
747 3013 820 3084 πλὴν
835 3018 989 3093 προσκύνει.

601 3141 670 3199 306.
684 3149 783 3198 anno.

346 3238 367 3308 ll
382 3254 430 3306 τού
445 3248 534 3305 πόλου
549 3251 653 3304 κάτεισι
666 3247 779 3324 Χριστὸς
794 3248 820 3310 ἐς
832 3243 931 3321 δόμον,

344 3341 363 3410 ἢ
378 3342 427 3394 καί
439 3335 526 3393 πόλον
540 3335 641 3394 τέθεικε
653 3332 731 3390 τόνδε
745 3335 792 3390 τόν
808 3331 910 3410 δόμον·

345 3431 428 3506 ἄμρω
445 3423 474 3480 δέ
491 3422 611 3502 μᾶλλον,
626 3425 674 3479 καί
688 3420 809 3492 κατῆλθε
825 3424 873 3476 σὺν
885 3419 984 3498 φίλοις,

343 3519 391 3572 καί
403 3517 449 3570 τόν
462 3512 549 3591 δόμον
559 3511 675 3568 τέθεικεν
691 3511 807 3590 οὐρανόν
821 3513 892 3568 νέον.

608 3634 678 3693 307.
703 3641 803 3690 Anno,

304 3731 393 3822 Ᾰστρα
410 3745 458 3821 μέν
474 3741 624 3819 αἰγλήεντα
638 3744 685 3796 καί
700 3743 814 3818 άστέρας
826 3737 878 3810 ηδέ
893 3738 1025 3811 σελήνην,

344 3835 453 3910 οὐρανέ,
468 3834 516 3886 καὶ
531 3833 563 3885 σὺ
578 3834 676 3906 ρέρεις,
693 3825 767 3898 οἰδα,
786 3831 955 3904 pact-meare.

304 3908 371 3978 ἄλλ’
392 3921 436 3976 ὅτε
448 3916 527 3975 τόνδε
541 3919 626 3995 χορὸν
645 3919 692 3972 καὶ
709 3921 815 3994 χρυσῆν
835 3916 927 3992 ἄντυγ’
944 3915 1067 3995 ἀθρήσω,

346 4012 439 4086 μικρά,
454 4007 539 4084 λέγω,
558 4009 662 4083 φαίνεις
676 4008 724 4060 καὶ
738 4008 770 4060 σὺ
783 4006 830 4059 καί
844 4005 949 4074 ἠέλιος.

406 4135 474 4192 308.
498 4129 676 4188 enonmor
696 4129 969 4186 nrnnnnn'roros

556 4226 816 4285 τιταινόμενοι.

345 4340 456 4394 Πάντων
470 4333 627 4390 ποθούντων
638 4337 814 4412 προστρέχειν
829 4333 895 4411 πρός
911 4333 960 4402 τὴν
975 4332 1067 4398 πόλιν,

345 4427 415 4482 δ’που
429 4427 566 4499 πάναγνοι
577 4425 626 4478 τού
642 4418 705 4476 θεοῦ
717 4423 810 4496 Λόγου
825 4416 907 4484 πόδες

345 4515 460 4584 ἔστησαν
476 4515 513 4576 εἰς
524 4515 650 4566 σύστασιν
664 4512 713 4578 τῆς
727 4510 903 4583 οἰκουμένης,

344 4599 474 4680 ὤφθησαν
489 4596 565 4656 οὗτοι
575 4603 613 4675 τῷ
629 4594 768 4673 σεθοισμὶερ
781 4601 868 4667 τύπῳ,

274 4714 288 4760 5
343 4693 427 4759 σκεύη
443 4690 552 4765 πονηρά
567 4683 768 4761 δεισιδαίμονος
782 4682 900 4754 πλάνης,

1417 559 1477 613 300.
1499 567 1597 610 ιιιιυο.

1339 647 1367 696 ln
1383 648 1507 712 templum
1522 648 1678 698 servatoris.

1162 753 1199 810 Ut
1212 754 1267 826 pcli
1282 753 1427 827 imaginem
1441 756 1511 812 banc
1527 757 1612 812 eedem
1623 755 1735 812 videns·

1128 844 1152 894 t.
1167 855 1183 894 c
1196 839 1259 896 caelo
1274 839 1415 896 descendit
1433 840 1557 898 Christus
1571 858 1633 897 cum
1646 841 1755 908 amicis;

1126 929 1152 982 0.
1168 925 1236 982 tides
1252 943 1318 982 saue
1332 927 1390 983 huc
1402 927 1483 985 docet
1495 945 1556 984 cum
1571 928 1699 1003 Georgic.

1127 1018 1152 1070 3.
1168 1013 1265 1070 Polum
1277 1015 1325 1070 sed
1340 1014 1411 1071 enim
1426 1017 1518 1088 posuit
1532 1016 1634 1073 hancce
1647 1017 1748 1084 νείατος

1127 1103 1154 1156 ί.
1168 1119 1264 1157 munus
1279 1108 1369 1159 autem
1382 1120 1438 1159 esse
1451 1120 1521 1176 opus
1533 1103 1642 1160 minime
1656 1105 1831 1160 credendum.

1418 1231 1478 1284 303.
1506 1237 1606 1280 nuruu.

1128 1329 1187 1385 Non
1199 1347 1295 1386 manus
1307 1348 1391 1403 opera
1403 1332 1461 1388 haec
1477 1349 1484 1387 ε
1500 1349 1534 1388 ne
1546 1332 1607 1406 quis
1622 1332 1729 1401 credet;

1127 1417 1175 1472 sed
1194 1417 1259 1474 caelo
1273 1419 1414 1474 descendit
1426 1419 1551 1476 Christus
1564 1437 1624 1475 cnm
1640 1421 1733 1476 amicis
1749 1439 1756 1478 :

1127 1503 1276 1577 Nicephnri
1290 1504 1355 1560 vicit
1366 1513 1394 1561 et
1406 1517 1522 1560 mentem
1537 1512 1565 1562 et
1579 1515 1676 1563 artem.

1127 1585 1300 1648 Gloriabatur
1313 1592 1422 1666 quidem
1437 1593 1518 1649 nstris
1530 1601 1558 1650 et
1572 1593 1678 1668 fulgido
1689 1579 1816 1651 Lucilcro

1127 1677 1215 1752 polus,
1230 1679 1332 1752 primos
1347 1679 1493 1753 depuleris
1505 1682 1595 1738 ferens
1608 1684 1725 1738 honores
1741 1700 1748 1737 :

1126 1766 1175 1822 sed
1185 1766 1212 1822 ic
1222 1769 1273 1822 hnc
1283 1768 1340 1823 ande
1351 1785 1432 1827 nunc.
1444 1777 1474 1824 ut
1483 1769 1715 1841 quidemalterum
1723 1770 1891 1838 Luciferum,

1125 1855 1263 1912 Christum
1278 1855 1377 1929 ipsum,
1394 1865 1421 1913 et
1433 1857 1573 1913 ministros
1582 1865 1611 1913 et
1624 1857 1726 1914 amicos

1125 1942 1324 1999 circumdantes
1335 1961 1406 2011 eum,
1423 1952 1499 2000 astru
1513 1943 1668 2018 perpulcra,
1683 1945 1804 2013 intuens,

1126 2029 1185 2104 ipse
1199 2031 1225 2086 in
1239 2031 1328 2105 ipsum
1343 2031 1440 2088 iterum
1453 2032 1569 2105 judicat.

1420 2158 1481 2213 ³⁰4·
1501 2167 1599 2210 fflUD·
1705 2171 1860 2249 [victoriam
1880 2196 1888 2234 τ

1129 2262 1168 2318 Dc
1197 2262 1378 2335 pulcritudine
1399 2263 1521 2328 liceret,
1542 2263 1635 2318 στείνει
1657 2261 1742 2318 stellis
1757 2263 1892 2336 poscebat

1160 2351 1245 2407 aether
1259 2350 1401 2424 fulgurans
1416 2351 1529 2424 petebat
1542 2351 1645 2424 primos
1659 2350 1789 2406 honores.
1810 2351 1890 2422 trem,

1126 2439 1259 2497 Utautem
1268 2438 1365 2496 domus
1373 2439 1486 2513 protulit
1494 2438 1657 2494 dominicum
1667 2437 1748 2492 modo
1761 2438 1891 2510 splendo-

1161 2527 1889 2601 exstinguimini,lychniinstnr‚pulcramirncutccmli,

1415 2653 1476 2706 303.
1496 2659 1595 2702 ειιυο.

1126 2759 1185 2816 Poli
1199 2757 1307 2832 quidem
1320 2756 1406 2814 uther
1418 2761 1466 2822 cst,
1479 2762 1564 2823 astra,
1578 2753 1651 2824 luna,
1668 2754 1791 2822 Lucilcr;

1125 2846 1191 2902 aedis
1204 2852 1293 2902 autern
1308 2843 1447 2910 Servatur,
1463 2841 1564 2916 angeli,
1579 2848 1676 2908 mater,
1692 2841 1782 2898 amici.

1126 2933 1192 3001 Quae
1205 2931 1374 3004 comparatio
1387 2932 1498 2985 illorum
1511 2947 1573 2985 cum
1587 2929 1651 2986 his‘l
1663 2947 1723 3003 qum
1737 2930 1868 2987 collatio?

1125 3020 1239 3078 inlerius
1252 3020 1338 3076 nisum
1355 3036 1395 3088 cs,
1411 3017 1521 3086 Cre-lum,
1536 3017 1586 3074 sed
1599 3034 1739 3074 venerare.

1418 3145 1479 3199 300.
1499 3153 1598 3196 εειυι).

1125 3255 1181 3309 Αυί
1194 3251 1256 3326 pulo
1269 3249 1411 3305 descendit
1420 3247 1545 3304 Christus
1558 3247 1587 3302 in
1601 3247 1671 3304 hanc
1685 3248 1780 3316 audem,

1124 3348 1173 3397 aut
1185 3347 1213 3396 et
1225 3338 1315 3413 polum
1330 3337 1395 3392 lecit
1409 3336 1510 3392 huncce
1520 3335 1606 3391 aedem
1622 3351 1629 3390 :

1123 3427 1216 3502 potius
1238 3444 1302 3482 vero
1324 3424 1403 3480 ambo
1425 3425 1502 3493 [ncta
1522 3428 1595 3491 cunt,
1618 3428 1647 3479 et
1664 3421 1806 3480 descendit
1828 3442 1889 3480 cum

1124 3524 1152 3573 et
1165 3516 1250 3572 aedem
1265 3513 1329 3569 lecit
1340 3512 1433 3568 culum
1446 3527 1556 3566 novum.
1771 3510 1889 3584 laminis,

1418 3637 1479 3690 307.
1499 3642 1599 3684 aurun.

1124 3747 1207 3802 Astra
1225 3741 1334 3816 quidem
1353 3738 1524 3812 splendentia
1540 3745 1567 3793 et
1581 3737 1674 3794 stellas
1687 3745 1769 3812 atque
1783 3739 1888 3808 lunam,

1158 3830 1262 3896 ciclum,
1280 3836 1307 3885 et
1320 3835 1350 3883 tu
1367 3827 1431 3894 lerS,
1442 3824 1509 3893 scio,
1523 3824 1730 3881 lucidissimum.

1123 3921 1178 3978 Sed
1193 3919 1239 3974 ubi
1255 3919 1358 3973 huncce
1373 3915 1486 3970 chorum
1498 3921 1526 3971 et
1540 3931 1649 3969 auream
1663 3913 1794 3970 lornicem
1813 3916 1888 3989 aspi-

1159 4024 1266 4084 parum‚
1281 4005 1353 4074 dico,
1368 4003 1442 4059 luces
1454 4009 1482 4058 et
1496 4010 1526 4058 tu
1541 4010 1568 4058 et
1582 4000 1624 4058 sol
1637 4006 1705 4073 ipse.
1796 4003 1887 4076 [ciam.

1237 4142 1298 4195 308.
1318 4135 1511 4193 THEOPlllLI
1531 4133 1778 4190 lMPEun‘suRts

1393 4221 1622 4282 ICONOMACHI.

1124 4334 1234 4396 Cunctis
1249 4331 1422 4406 cupientibus
1436 4345 1577 4384 accurrere
1589 4327 1625 4383 ad
1640 4327 1734 4384 urbem

1124 4424 1169 4482 ubi
1184 4418 1329 4478 castissimi
1343 4418 1386 4473 dei
1401 4417 1483 4473 Verbi
1495 4417 1580 4490 pedes

1123 4519 1225 4570 stetere
1240 4509 1274 4566 ad
1284 4505 1505 4564 constitutionem
1519 4513 1609 4570 terrac,

1123 4599 1175 4658 visi
1188 4603 1252 4654 suut
1265 4594 1313 4651 isti
1325 4594 1480 4650 uenerando
1493 4592 1519 4648 in
1535 4592 1604 4659 loco,

1123 4703 1190 4745 vasa
1203 4700 1289 4758 prava
1303 4679 1487 4756 superstitiosi
1502 4678 1613 4748 erroris,

301 4837 1887 4872 ffl——ffl-ffl-—ffl

382 4964 440 5014 303.
459 4973 598 5012 rasorum
616 4971 795 5010 ιιινιτιειιτοιτιε
812 4969 984 5006 rcououncru.

337 5055 492 5120 descriptum
505 5051 638 5117 frontibus
651 5064 749 5113 εοιτινι,
765 5049 811 5115 pru'
827 5043 1036 5098 adversabuntur

435 5127 571 5194 Theophila
589 5127 742 5193 imperatori
758 5121 935 5174 lccncmnclnu.

304 5223 399 5288 lugens
413 5223 446 5273 ad
461 5223 553 5272 urbem
565 5220 641 5271 turbu
653 5233 712 5270 cum
726 5223 903 5274 concurreret.

1121 4949 1167 5002 ubi
1181 4957 1310 5000 steterunt
1321 4945 1427 4998 maximi
1439 4945 1520 4995 Verbi
1533 4945 1622 5010 pedes,

1123 5049 1175 5084 nou
1187 5033 1304 5083 desituro
1318 5029 1404 5096 gentis
1420 5029 1540 5078 humente
1555 5029 1634 5085 bono.

1123 5115 1244 5183 adspexit
1255 5113 1321 5164 istoc
1335 5125 1441 5164 sanctus
1455 5109 1584 5176 imprimis
1598 5110 1671 5162 locun
1757 5163 1760 5174 ,

1124 5198 1222 5251 erroris
1233 5197 1408 5248 irratrumcuta
1422 5197 1549 5260 tingentes
1564 5195 1638 5258 ιίαοε,
