<?xml version="1.0" encoding="UTF-8"?>
<!DOCTYPE html PUBLIC "-//W3C//DTD XHTML 1.0 Transitional//EN"
    "http://www.w3.org/TR/xhtml1/DTD/xhtml1-transitional.dtd">
<html xmlns="http://www.w3.org/1999/xhtml" xml:lang="en" lang="en">
 <head>
  <title>
</title>
<meta http-equiv="Content-Type" content="text/html;charset=utf-8" />
  <meta name='ocr-system' content='tesseract 3.04.00' />
  <meta name='ocr-capabilities' content='ocr_page ocr_carea ocr_par ocr_line ocrx_word'/>
</head>
<body>
  <div class='ocr_page' id='page_1' title='image "./epigrammatumant00plangoog_0313.png"; bbox 0 0 4136 6036; ppageno 0'>
   <div class='ocr_carea' id='block_1_1' title="bbox 289 373 1425 443">
    <p class='ocr_par' dir='ltr' id='par_1_1' title="bbox 289 373 1425 443">
     <span class='ocr_line' id='line_1_1' title="bbox 289 373 1425 443; baseline -0.006 0"><span class='ocrx_word' id='word_1_1' title='bbox 289 384 347 443; x_wconf 77' lang='grc'>304</span> <span class='ocrx_word' id='word_1_2' title='bbox 740 376 1001 438; x_wconf 81' lang='lat' dir='ltr'>ANTllOLOGlAE</span> <span class='ocrx_word' id='word_1_3' title='bbox 1021 373 1174 434; x_wconf 77' lang='lat' dir='ltr'>GuAEoAE</span> <span class='ocrx_word' id='word_1_4' title='bbox 1195 374 1425 436; x_wconf 81' lang='lat' dir='ltr'>APPllNDlClS</span> 
     </span>
    </p>
   </div>
   <div class='ocr_carea' id='block_1_2' title="bbox 287 509 973 684">
    <p class='ocr_par' dir='ltr' id='par_1_2' title="bbox 287 509 973 684">
     <span class='ocr_line' id='line_1_2' title="bbox 287 509 866 588; baseline -0.014 -15"><span class='ocrx_word' id='word_1_5' title='bbox 287 515 413 573; x_wconf 83' lang='grc' dir='ltr'><strong>έκέλιυσέ</strong></span> <span class='ocrx_word' id='word_1_6' title='bbox 424 515 448 571; x_wconf 88' lang='grc' dir='ltr'><strong>τ’</strong></span> <span class='ocrx_word' id='word_1_7' title='bbox 464 516 501 580; x_wconf 82' lang='grc' dir='ltr'>εἰς</span> <span class='ocrx_word' id='word_1_8' title='bbox 513 515 544 570; x_wconf 87' lang='grc' dir='ltr'><strong>τό</strong></span> <span class='ocrx_word' id='word_1_9' title='bbox 557 514 648 569; x_wconf 84' lang='grc' dir='ltr'><strong>κοινόν</strong></span> <span class='ocrx_word' id='word_1_10' title='bbox 664 513 795 588; x_wconf 79' lang='grc' dir='ltr'><strong>ιλοφέριιν</strong></span> <span class='ocrx_word' id='word_1_11' title='bbox 812 509 866 566; x_wconf 78' lang='lat' dir='ltr'>ota</span> 
     </span>
     <span class='ocr_line' id='line_1_3' title="bbox 287 598 973 684; baseline -0.009 -22"><span class='ocrx_word' id='word_1_12' title='bbox 287 607 322 662; x_wconf 82' lang='grc' dir='ltr'><strong>τά</strong></span> <span class='ocrx_word' id='word_1_13' title='bbox 330 605 455 684; x_wconf 75' lang='grc' dir='ltr'><strong>χρήματ’</strong></span> <span class='ocrx_word' id='word_1_14' title='bbox 471 599 581 682; x_wconf 76' lang='grc' dir='ltr'><strong>ἄνδρας·</strong></span> <span class='ocrx_word' id='word_1_15' title='bbox 596 602 632 666; x_wconf 78' lang='grc' dir='ltr'>ὣς</span> <span class='ocrx_word' id='word_1_16' title='bbox 644 598 786 680; x_wconf 82' lang='grc' dir='ltr'><strong>κικρϊσθαι</strong></span> <span class='ocrx_word' id='word_1_17' title='bbox 798 601 854 664; x_wconf 82' lang='grc' dir='ltr'><strong>τοῖς</strong></span> <span class='ocrx_word' id='word_1_18' title='bbox 867 602 973 676; x_wconf 87' lang='grc' dir='ltr'><strong>νόμοις.</strong></span> 
     </span>
    </p>
   </div>
   <div class='ocr_carea' id='block_1_3' title="bbox 547 753 803 812">
    <p class='ocr_par' dir='ltr' id='par_1_3' title="bbox 547 753 803 812">
     <span class='ocr_line' id='line_1_4' title="bbox 547 753 803 812; baseline -0.023 0"><span class='ocrx_word' id='word_1_19' title='bbox 547 753 596 812; x_wconf 83' lang='grc'>87.</span> <span class='ocrx_word' id='word_1_20' title='bbox 618 759 803 810; x_wconf 75' lang='lat' dir='ltr'>rorsrror.</span> 
     </span>
    </p>
   </div>
   <div class='ocr_carea' id='block_1_4' title="bbox 254 869 1021 1758">
    <p class='ocr_par' dir='ltr' id='par_1_4' title="bbox 288 869 861 961">
     <span class='ocr_line' id='line_1_5' title="bbox 288 869 861 961; baseline -0.005 -20"><span class='ocrx_word' id='word_1_21' title='bbox 288 869 445 957; x_wconf 73' lang='grc' dir='ltr'><strong>θκκλησέας</strong></span> <span class='ocrx_word' id='word_1_22' title='bbox 465 883 560 956; x_wconf 79' lang='grc' dir='ltr'><strong>οὔσης,</strong></span> <span class='ocrx_word' id='word_1_23' title='bbox 583 884 781 961; x_wconf 84' lang='grc' dir='ltr'><strong>παραγένονταέ</strong></span> <span class='ocrx_word' id='word_1_24' title='bbox 792 902 861 948; x_wconf 84' lang='grc' dir='ltr'><strong>τινες</strong></span> 
     </span>
    </p>

    <p class='ocr_par' dir='ltr' id='par_1_5' title="bbox 288 969 996 1052">
     <span class='ocr_line' id='line_1_6' title="bbox 288 969 996 1052; baseline -0.007 -22"><span class='ocrx_word' id='word_1_25' title='bbox 288 976 364 1052; x_wconf 83' lang='grc' dir='ltr'><strong>παρά</strong></span> <span class='ocrx_word' id='word_1_26' title='bbox 376 993 405 1029; x_wconf 88' lang='grc' dir='ltr'><strong>τι</strong></span> <span class='ocrx_word' id='word_1_27' title='bbox 420 969 568 1044; x_wconf 84' lang='grc' dir='ltr'><strong>Βασιλέως,</strong></span> <span class='ocrx_word' id='word_1_28' title='bbox 585 974 633 1028; x_wconf 78' lang='grc' dir='ltr'><strong>καὶ</strong></span> <span class='ocrx_word' id='word_1_29' title='bbox 647 973 723 1050; x_wconf 79' lang='grc' dir='ltr'><strong>παρὰ</strong></span> <span class='ocrx_word' id='word_1_30' title='bbox 738 970 889 1035; x_wconf 71' lang='grc' dir='ltr'><strong>Σιτάλκους</strong></span> <span class='ocrx_word' id='word_1_31' title='bbox 902 969 996 1028; x_wconf 82' lang='grc' dir='ltr'><strong>πάλιν·</strong></span> 
     </span>
    </p>

    <p class='ocr_par' dir='ltr' id='par_1_6' title="bbox 289 1057 896 1140">
     <span class='ocr_line' id='line_1_7' title="bbox 289 1057 896 1140; baseline -0.005 -21"><span class='ocrx_word' id='word_1_32' title='bbox 289 1065 317 1120; x_wconf 84' lang='lat' dir='ltr'>ol</span> <span class='ocrx_word' id='word_1_33' title='bbox 339 1063 387 1140; x_wconf 85' lang='grc' dir='ltr'>μέν</span> <span class='ocrx_word' id='word_1_34' title='bbox 406 1061 534 1140; x_wconf 78' lang='grc' dir='ltr'><strong>στρατιάν</strong></span> <span class='ocrx_word' id='word_1_35' title='bbox 549 1061 671 1138; x_wconf 82' lang='grc' dir='ltr'><strong>άγοντες,</strong></span> <span class='ocrx_word' id='word_1_36' title='bbox 687 1061 714 1116; x_wconf 85' lang='lat' dir='ltr'>ol</span> <span class='ocrx_word' id='word_1_37' title='bbox 728 1057 758 1116; x_wconf 81' lang='grc' dir='ltr'>δέ</span> <span class='ocrx_word' id='word_1_38' title='bbox 771 1061 896 1139; x_wconf 81' lang='grc' dir='ltr'><strong>χρυσέου.</strong></span> 
     </span>
    </p>

    <p class='ocr_par' dir='ltr' id='par_1_7' title="bbox 267 1145 1021 1318">
     <span class='ocr_line' id='line_1_8' title="bbox 290 1145 1021 1230; baseline -0.008 -22"><span class='ocrx_word' id='word_1_39' title='bbox 290 1153 369 1230; x_wconf 78' lang='grc' dir='ltr'><strong>Παρὰ</strong></span> <span class='ocrx_word' id='word_1_40' title='bbox 382 1154 435 1208; x_wconf 83' lang='grc' dir='ltr'><strong>τῶν</strong></span> <span class='ocrx_word' id='word_1_41' title='bbox 450 1146 677 1226; x_wconf 74' lang='grc' dir='ltr'><strong>Λακεδαιμονίων</strong></span> <span class='ocrx_word' id='word_1_42' title='bbox 692 1145 722 1204; x_wconf 86' lang='grc' dir='ltr'>δέ</span> <span class='ocrx_word' id='word_1_43' title='bbox 740 1151 809 1226; x_wconf 84' lang='grc' dir='ltr'><strong>μετά</strong></span> <span class='ocrx_word' id='word_1_44' title='bbox 825 1153 938 1214; x_wconf 81' lang='grc' dir='ltr'>τούτους</span> <span class='ocrx_word' id='word_1_45' title='bbox 951 1147 1021 1212; x_wconf 85' lang='grc' dir='ltr'><strong>τινές</strong></span> 
     </span>
     <span class='ocr_line' id='line_1_9' title="bbox 267 1221 922 1318; baseline -0.005 -21"><span class='ocrx_word' id='word_1_46' title='bbox 267 1241 280 1289; x_wconf 78' lang='lat'><strong>5</strong></span> <span class='ocrx_word' id='word_1_47' title='bbox 291 1237 409 1306; x_wconf 70' lang='lat' dir='ltr'>ancello&lt;</span> <span class='ocrx_word' id='word_1_48' title='bbox 422 1241 546 1318; x_wconf 87' lang='grc' dir='ltr'><strong>φέροντες</strong></span> <span class='ocrx_word' id='word_1_49' title='bbox 558 1259 566 1273; x_wconf 86' lang='grc'><em>·</em></span> <span class='ocrx_word' id='word_1_50' title='bbox 584 1237 632 1304; x_wconf 85' lang='grc' dir='ltr'>οθς</span> <span class='ocrx_word' id='word_1_51' title='bbox 644 1221 777 1318; x_wconf 80' lang='grc' dir='ltr'><strong>Ᾰχαρνεῑς</strong></span> <span class='ocrx_word' id='word_1_52' title='bbox 791 1235 922 1316; x_wconf 77' lang='grc' dir='ltr'>οὐδαμῶς</span> 
     </span>
    </p>

    <p class='ocr_par' dir='ltr' id='par_1_8' title="bbox 291 1322 873 1401">
     <span class='ocr_line' id='line_1_10' title="bbox 291 1322 873 1401; baseline -0.005 -16"><span class='ocrx_word' id='word_1_53' title='bbox 291 1330 397 1401; x_wconf 82' lang='grc' dir='ltr'><strong>εέασαν,</strong></span> <span class='ocrx_word' id='word_1_54' title='bbox 413 1325 477 1385; x_wconf 71' lang='grc' dir='ltr'><strong>ἀλλ’</strong></span> <span class='ocrx_word' id='word_1_55' title='bbox 491 1322 634 1393; x_wconf 77' lang='grc' dir='ltr'><strong>έζέθαλον·</strong></span> <span class='ocrx_word' id='word_1_56' title='bbox 651 1323 688 1382; x_wconf 85' lang='grc' dir='ltr'>ὧν</span> <span class='ocrx_word' id='word_1_57' title='bbox 703 1325 873 1383; x_wconf 87' lang='grc' dir='ltr'><strong>καθάπτεται</strong></span> 
     </span>
    </p>

    <p class='ocr_par' dir='ltr' id='par_1_9' title="bbox 292 1413 911 1496">
     <span class='ocr_line' id='line_1_11' title="bbox 292 1413 911 1496; baseline -0.005 -22"><span class='ocrx_word' id='word_1_58' title='bbox 292 1417 444 1496; x_wconf 83' lang='grc' dir='ltr'><strong>σκληρῶςό</strong></span> <span class='ocrx_word' id='word_1_59' title='bbox 458 1418 588 1487; x_wconf 70' lang='grc' dir='ltr'><strong>ποιητής.</strong></span> <span class='ocrx_word' id='word_1_60' title='bbox 603 1415 674 1472; x_wconf 77' lang='grc' dir='ltr'><strong>Αὐτὸ</strong></span> <span class='ocrx_word' id='word_1_61' title='bbox 689 1415 721 1472; x_wconf 80' lang='grc' dir='ltr'><strong>τό</strong></span> <span class='ocrx_word' id='word_1_62' title='bbox 735 1413 868 1495; x_wconf 70' lang='grc' dir='ltr'><strong>ψήφισμά</strong></span> <span class='ocrx_word' id='word_1_63' title='bbox 881 1435 911 1471; x_wconf 88' lang='grc' dir='ltr'><strong>τι</strong></span> 
     </span>
    </p>

    <p class='ocr_par' dir='ltr' id='par_1_10' title="bbox 292 1500 916 1585">
     <span class='ocr_line' id='line_1_12' title="bbox 292 1500 916 1585; baseline -0.006 -22"><span class='ocrx_word' id='word_1_64' title='bbox 292 1507 445 1585; x_wconf 82' lang='grc' dir='ltr'><strong>Μεγαρικόν</strong></span> <span class='ocrx_word' id='word_1_65' title='bbox 458 1505 557 1569; x_wconf 79' lang='grc' dir='ltr'><strong>[κανῶς</strong></span> <span class='ocrx_word' id='word_1_66' title='bbox 568 1505 637 1583; x_wconf 77' lang='grc' dir='ltr'><strong>φησὶ</strong></span> <span class='ocrx_word' id='word_1_67' title='bbox 648 1504 697 1558; x_wconf 78' lang='grc' dir='ltr'><strong>καὶ</strong></span> <span class='ocrx_word' id='word_1_68' title='bbox 708 1505 756 1559; x_wconf 81' lang='grc' dir='ltr'><strong>τόν</strong></span> <span class='ocrx_word' id='word_1_69' title='bbox 771 1500 916 1582; x_wconf 85' lang='grc' dir='ltr'><strong>Περικλέα,</strong></span> 
     </span>
    </p>

    <p class='ocr_par' dir='ltr' id='par_1_11' title="bbox 254 1589 915 1758">
     <span class='ocr_line' id='line_1_13' title="bbox 293 1589 887 1664; baseline -0.008 -13"><span class='ocrx_word' id='word_1_70' title='bbox 293 1597 345 1651; x_wconf 71' lang='lat' dir='ltr'>dria</span> <span class='ocrx_word' id='word_1_71' title='bbox 356 1599 409 1651; x_wconf 85' lang='grc' dir='ltr'><strong>τῶν</strong></span> <span class='ocrx_word' id='word_1_72' title='bbox 421 1594 558 1651; x_wconf 79' lang='grc' dir='ltr'>Λακώνων</span> <span class='ocrx_word' id='word_1_73' title='bbox 571 1589 656 1648; x_wconf 67' lang='lat' dir='ltr'>ruvo·</span> <span class='ocrx_word' id='word_1_74' title='bbox 670 1593 778 1648; x_wconf 85' lang='grc' dir='ltr'><strong>πάντων</strong></span> <span class='ocrx_word' id='word_1_75' title='bbox 790 1592 887 1664; x_wconf 70' lang='lat' dir='ltr'>eletos,</span> 
     </span>
     <span class='ocr_line' id='line_1_14' title="bbox 254 1679 915 1758; baseline -0.002 -18"><span class='ocrx_word' id='word_1_76' title='bbox 254 1681 422 1756; x_wconf 67' lang='lat' dir='ltr'>torneator,</span> <span class='ocrx_word' id='word_1_77' title='bbox 437 1679 516 1739; x_wconf 80' lang='grc' dir='ltr'><strong>λύσιν</strong></span> <span class='ocrx_word' id='word_1_78' title='bbox 529 1701 559 1737; x_wconf 85' lang='grc' dir='ltr'><strong>τε</strong></span> <span class='ocrx_word' id='word_1_79' title='bbox 572 1683 625 1736; x_wconf 86' lang='grc' dir='ltr'><strong>τῶν</strong></span> <span class='ocrx_word' id='word_1_80' title='bbox 641 1681 796 1758; x_wconf 82' lang='grc' dir='ltr'><strong>έφιστιότων</strong></span> <span class='ocrx_word' id='word_1_81' title='bbox 811 1683 915 1740; x_wconf 81' lang='grc' dir='ltr'><strong>κακῶν.</strong></span> 
     </span>
    </p>
   </div>
   <div class='ocr_carea' id='block_1_5' title="bbox 552 1831 804 1890">
    <p class='ocr_par' dir='ltr' id='par_1_12' title="bbox 552 1831 804 1890">
     <span class='ocr_line' id='line_1_15' title="bbox 552 1831 804 1890; baseline -0.02 0"><span class='ocrx_word' id='word_1_82' title='bbox 552 1831 601 1890; x_wconf 87' lang='grc'>88.</span> <span class='ocrx_word' id='word_1_83' title='bbox 622 1837 804 1888; x_wconf 80' lang='lat' dir='ltr'>uursrror.</span> 
     </span>
    </p>
   </div>
   <div class='ocr_carea' id='block_1_6' title="bbox 262 1958 965 2841">
    <p class='ocr_par' dir='ltr' id='par_1_13' title="bbox 262 1958 965 2841">
     <span class='ocr_line' id='line_1_16' title="bbox 295 1958 886 2044; baseline -0.008 -23"><span class='ocrx_word' id='word_1_84' title='bbox 295 1967 419 2044; x_wconf 85' lang='grc' dir='ltr'><strong>Παράγιι</strong></span> <span class='ocrx_word' id='word_1_85' title='bbox 431 1964 494 2020; x_wconf 84' lang='grc' dir='ltr'><strong>τινά</strong></span> <span class='ocrx_word' id='word_1_86' title='bbox 507 1961 634 2036; x_wconf 80' lang='grc' dir='ltr'><strong>Κλέωνα,</strong></span> <span class='ocrx_word' id='word_1_87' title='bbox 650 1963 698 2020; x_wconf 83' lang='grc' dir='ltr'><strong>τόν</strong></span> <span class='ocrx_word' id='word_1_88' title='bbox 712 1958 886 2040; x_wconf 81' lang='grc' dir='ltr'><strong>καλούμενον</strong></span> 
     </span>
     <span class='ocr_line' id='line_1_17' title="bbox 295 2048 945 2132; baseline -0.008 -21"><span class='ocrx_word' id='word_1_89' title='bbox 295 2052 479 2132; x_wconf 74' lang='grc' dir='ltr'>Παφλαγόνα,</span> <span class='ocrx_word' id='word_1_90' title='bbox 494 2052 558 2107; x_wconf 79' lang='grc' dir='ltr'><strong>κάει</strong></span> <span class='ocrx_word' id='word_1_91' title='bbox 573 2048 772 2130; x_wconf 83' lang='grc' dir='ltr'><strong>βυρσαπιθλην,</strong></span> <span class='ocrx_word' id='word_1_92' title='bbox 787 2053 945 2128; x_wconf 89' lang='grc' dir='ltr'><strong>πικρότατα</strong></span> 
     </span>
     <span class='ocr_line' id='line_1_18' title="bbox 296 2139 859 2218; baseline -0.007 -19"><span class='ocrx_word' id='word_1_93' title='bbox 296 2139 475 2199; x_wconf 88' lang='grc' dir='ltr'><strong>κατισθέοντά</strong></span> <span class='ocrx_word' id='word_1_94' title='bbox 493 2159 552 2205; x_wconf 89' lang='grc' dir='ltr'>πως</span> <span class='ocrx_word' id='word_1_95' title='bbox 563 2141 600 2196; x_wconf 84' lang='grc' dir='ltr'><strong>τά</strong></span> <span class='ocrx_word' id='word_1_96' title='bbox 612 2140 693 2197; x_wconf 82' lang='grc' dir='ltr'><strong>κοινά</strong></span> <span class='ocrx_word' id='word_1_97' title='bbox 710 2141 859 2218; x_wconf 73' lang='grc' dir='ltr'><strong>χρήματα·</strong></span> 
     </span>
     <span class='ocr_line' id='line_1_19' title="bbox 297 2224 929 2310; baseline -0.006 -23"><span class='ocrx_word' id='word_1_98' title='bbox 297 2233 348 2310; x_wconf 70' lang='grc' dir='ltr'>κάν</span> <span class='ocrx_word' id='word_1_99' title='bbox 361 2228 584 2309; x_wconf 82' lang='grc' dir='ltr'><strong>παραλογισμοῖς</strong></span> <span class='ocrx_word' id='word_1_100' title='bbox 598 2224 754 2308; x_wconf 87' lang='grc' dir='ltr'><strong>διαφέροντ’</strong></span> <span class='ocrx_word' id='word_1_101' title='bbox 769 2228 929 2307; x_wconf 86' lang='grc' dir='ltr'><strong>έρρωμένως</strong></span> 
     </span>
     <span class='ocr_line' id='line_1_20' title="bbox 274 2315 892 2395; baseline -0.005 -20"><span class='ocrx_word' id='word_1_102' title='bbox 274 2317 532 2390; x_wconf 82' lang='grc' dir='ltr'><strong>όάλλαντοπώλην,</strong></span> <span class='ocrx_word' id='word_1_103' title='bbox 547 2315 685 2384; x_wconf 81' lang='grc' dir='ltr'><strong>ιύθέωςτι</strong></span> <span class='ocrx_word' id='word_1_104' title='bbox 706 2318 892 2395; x_wconf 86' lang='grc' dir='ltr'><strong>σκατοφάγον,</strong></span> 
     </span>
     <span class='ocr_line' id='line_1_21' title="bbox 298 2405 916 2470; baseline -0.008 -4"><span class='ocrx_word' id='word_1_105' title='bbox 298 2407 441 2466; x_wconf 83' lang='grc' dir='ltr'><strong>πεισθέντα</strong></span> <span class='ocrx_word' id='word_1_106' title='bbox 454 2407 479 2463; x_wconf 82' lang='grc' dir='ltr'><strong>τ’</strong></span> <span class='ocrx_word' id='word_1_107' title='bbox 495 2405 636 2464; x_wconf 86' lang='grc' dir='ltr'><strong>έπιθέοθαι</strong></span> <span class='ocrx_word' id='word_1_108' title='bbox 649 2408 698 2464; x_wconf 78' lang='grc' dir='ltr'>σὺν</span> <span class='ocrx_word' id='word_1_109' title='bbox 713 2407 837 2462; x_wconf 85' lang='grc' dir='ltr'><strong>έππιῦσέν</strong></span> <span class='ocrx_word' id='word_1_110' title='bbox 851 2425 916 2470; x_wconf 86' lang='grc' dir='ltr'><strong>τισι,</strong></span> 
     </span>
     <span class='ocr_line' id='line_1_22' title="bbox 299 2497 935 2575; baseline -0.008 -21"><span class='ocrx_word' id='word_1_111' title='bbox 299 2501 355 2563; x_wconf 83' lang='grc' dir='ltr'><strong>τοῖς</strong></span> <span class='ocrx_word' id='word_1_112' title='bbox 368 2498 396 2553; x_wconf 87' lang='grc' dir='ltr'>έν</span> <span class='ocrx_word' id='word_1_113' title='bbox 407 2499 484 2575; x_wconf 81' lang='grc' dir='ltr'><strong>χορῷ</strong></span> <span class='ocrx_word' id='word_1_114' title='bbox 496 2497 627 2575; x_wconf 84' lang='grc' dir='ltr'><strong>παροῦσι,</strong></span> <span class='ocrx_word' id='word_1_115' title='bbox 642 2499 679 2574; x_wconf 73' lang='grc' dir='ltr'><strong>τῇ</strong></span> <span class='ocrx_word' id='word_1_116' title='bbox 693 2497 748 2550; x_wconf 83' lang='grc' dir='ltr'><strong>τῶν</strong></span> <span class='ocrx_word' id='word_1_117' title='bbox 763 2497 935 2573; x_wconf 75' lang='grc' dir='ltr'><strong>πραγμάτων</strong></span> 
     </span>
     <span class='ocr_line' id='line_1_23' title="bbox 300 2585 893 2666; baseline -0.003 -22"><span class='ocrx_word' id='word_1_118' title='bbox 300 2591 387 2666; x_wconf 74' lang='grc' dir='ltr'><strong>ἀρχῇ,</strong></span> <span class='ocrx_word' id='word_1_119' title='bbox 404 2585 531 2650; x_wconf 80' lang='grc' dir='ltr'><strong>Κλέωνός</strong></span> <span class='ocrx_word' id='word_1_120' title='bbox 541 2585 566 2640; x_wconf 85' lang='grc' dir='ltr'><strong>τ’</strong></span> <span class='ocrx_word' id='word_1_121' title='bbox 583 2585 611 2640; x_wconf 89' lang='grc' dir='ltr'>έν</span> <span class='ocrx_word' id='word_1_122' title='bbox 628 2586 702 2662; x_wconf 77' lang='grc' dir='ltr'><strong>μέσῳ</strong></span> <span class='ocrx_word' id='word_1_123' title='bbox 717 2586 893 2661; x_wconf 79' lang='grc' dir='ltr'><strong>κατηγορεῖν.</strong></span> 
     </span>
     <span class='ocr_line' id='line_1_24' title="bbox 300 2661 965 2752; baseline -0.008 -21"><span class='ocrx_word' id='word_1_124' title='bbox 300 2661 416 2752; x_wconf 64' lang='grc' dir='ltr'><strong>Ἐγένετο</strong></span> <span class='ocrx_word' id='word_1_125' title='bbox 430 2671 516 2731; x_wconf 83' lang='grc' dir='ltr'><strong>τοῦτ’·</strong></span> <span class='ocrx_word' id='word_1_126' title='bbox 535 2668 659 2739; x_wconf 77' lang='grc' dir='ltr'><strong>έζέπισιν</strong></span> <span class='ocrx_word' id='word_1_127' title='bbox 674 2670 794 2728; x_wconf 78' lang='grc' dir='ltr'><strong>δΚλέων</strong></span> <span class='ocrx_word' id='word_1_128' title='bbox 807 2673 965 2748; x_wconf 88' lang='grc' dir='ltr'><strong>παγκάκως·</strong></span> 
     </span>
     <span class='ocr_line' id='line_1_25' title="bbox 262 2756 918 2841; baseline -0.009 -19"><span class='ocrx_word' id='word_1_129' title='bbox 262 2765 316 2822; x_wconf 85' lang='lat' dir='ltr'>ttd</span> <span class='ocrx_word' id='word_1_130' title='bbox 332 2761 362 2820; x_wconf 81' lang='lat' dir='ltr'>dl</span> <span class='ocrx_word' id='word_1_131' title='bbox 375 2765 550 2841; x_wconf 87' lang='grc' dir='ltr'><strong>σκατοφάγος</strong></span> <span class='ocrx_word' id='word_1_132' title='bbox 564 2762 644 2840; x_wconf 88' lang='grc' dir='ltr'><strong>έτυχι</strong></span> <span class='ocrx_word' id='word_1_133' title='bbox 658 2756 804 2839; x_wconf 87' lang='grc' dir='ltr'><strong>προιδρέας</strong></span> <span class='ocrx_word' id='word_1_134' title='bbox 818 2759 918 2831; x_wconf 85' lang='grc' dir='ltr'><strong>καλῆς.</strong></span> 
     </span>
    </p>
   </div>
   <div class='ocr_carea' id='block_1_7' title="bbox 554 2914 810 2974">
    <p class='ocr_par' dir='ltr' id='par_1_14' title="bbox 554 2914 810 2974">
     <span class='ocr_line' id='line_1_26' title="bbox 554 2914 810 2974; baseline -0.008 0"><span class='ocrx_word' id='word_1_135' title='bbox 554 2914 604 2974; x_wconf 86' lang='grc'>89.</span> <span class='ocrx_word' id='word_1_136' title='bbox 624 2920 810 2972; x_wconf 73' lang='lat' dir='ltr'>rorurror.</span> 
     </span>
    </p>
   </div>
   <div class='ocr_carea' id='block_1_8' title="bbox 269 3029 992 3924">
    <p class='ocr_par' dir='ltr' id='par_1_15' title="bbox 269 3029 992 3924">
     <span class='ocr_line' id='line_1_27' title="bbox 302 3029 938 3124; baseline -0.013 -18"><span class='ocrx_word' id='word_1_137' title='bbox 302 3051 353 3106; x_wconf 85' lang='grc' dir='ltr'>Διά</span> <span class='ocrx_word' id='word_1_138' title='bbox 362 3049 411 3113; x_wconf 79' lang='grc' dir='ltr'><strong>τὰς</strong></span> <span class='ocrx_word' id='word_1_139' title='bbox 425 3044 502 3111; x_wconf 89' lang='grc' dir='ltr'><strong>δέκας</strong></span> <span class='ocrx_word' id='word_1_140' title='bbox 516 3049 661 3124; x_wconf 82' lang='grc' dir='ltr'><strong>φεύγουσιν</strong></span> <span class='ocrx_word' id='word_1_141' title='bbox 675 3029 784 3117; x_wconf 74' lang='grc' dir='ltr'><strong>Ᾰθήνας</strong></span> <span class='ocrx_word' id='word_1_142' title='bbox 797 3041 847 3100; x_wconf 82' lang='grc' dir='ltr'>δύο</span> <span class='ocrx_word' id='word_1_143' title='bbox 858 3046 938 3108; x_wconf 86' lang='grc' dir='ltr'><strong>τινές·</strong></span> 
     </span>
     <span class='ocr_line' id='line_1_28' title="bbox 302 3119 944 3216; baseline -0.012 -22"><span class='ocrx_word' id='word_1_144' title='bbox 302 3140 330 3194; x_wconf 82' lang='lat' dir='ltr'>ol</span> <span class='ocrx_word' id='word_1_145' title='bbox 341 3137 409 3216; x_wconf 82' lang='grc' dir='ltr'><strong>πρὸς</strong></span> <span class='ocrx_word' id='word_1_146' title='bbox 421 3135 469 3191; x_wconf 86' lang='grc' dir='ltr'><strong>τόν</strong></span> <span class='ocrx_word' id='word_1_147' title='bbox 484 3119 596 3206; x_wconf 62' lang='grc' dir='ltr'><strong>ἔποπα,</strong></span> <span class='ocrx_word' id='word_1_148' title='bbox 612 3135 659 3190; x_wconf 82' lang='grc' dir='ltr'><strong>τόν</strong></span> <span class='ocrx_word' id='word_1_149' title='bbox 673 3131 826 3210; x_wconf 89' lang='grc' dir='ltr'><strong>λιγόμινον</strong></span> <span class='ocrx_word' id='word_1_150' title='bbox 840 3132 944 3210; x_wconf 88' lang='grc' dir='ltr'><strong>Τηρέα,</strong></span> 
     </span>
     <span class='ocr_line' id='line_1_29' title="bbox 303 3214 878 3302; baseline -0.017 -20"><span class='ocrx_word' id='word_1_151' title='bbox 303 3223 440 3290; x_wconf 73' lang='grc' dir='ltr'><strong>ἐλθόντες,</strong></span> <span class='ocrx_word' id='word_1_152' title='bbox 454 3225 571 3302; x_wconf 82' lang='grc' dir='ltr'><strong>ἠρώτων</strong></span> <span class='ocrx_word' id='word_1_153' title='bbox 585 3223 773 3301; x_wconf 74' lang='grc' dir='ltr'><strong>ἀπραγμόνων</strong></span> <span class='ocrx_word' id='word_1_154' title='bbox 785 3214 878 3279; x_wconf 89' lang='grc' dir='ltr'><strong>πόλιν.</strong></span> 
     </span>
     <span class='ocr_line' id='line_1_30' title="bbox 302 3297 992 3392; baseline -0.012 -21"><span class='ocrx_word' id='word_1_155' title='bbox 302 3311 349 3378; x_wconf 68' lang='lat' dir='ltr'>Et&lt;</span> <span class='ocrx_word' id='word_1_156' title='bbox 361 3309 479 3392; x_wconf 80' lang='grc' dir='ltr'><strong>πρέοθυς</strong></span> <span class='ocrx_word' id='word_1_157' title='bbox 497 3297 589 3368; x_wconf 64' lang='lat' dir='ltr'>Errant</span> <span class='ocrx_word' id='word_1_158' title='bbox 609 3310 759 3389; x_wconf 83' lang='grc' dir='ltr'><strong>συμπαρὼν</strong></span> <span class='ocrx_word' id='word_1_159' title='bbox 777 3312 846 3387; x_wconf 81' lang='grc' dir='ltr'><strong>μετὰ</strong></span> <span class='ocrx_word' id='word_1_160' title='bbox 858 3307 992 3364; x_wconf 87' lang='grc' dir='ltr'><strong>πλειόνων</strong></span> 
     </span>
     <span class='ocr_line' id='line_1_31' title="bbox 279 3396 938 3478; baseline -0.008 -19"><span class='ocrx_word' id='word_1_161' title='bbox 279 3406 425 3475; x_wconf 64' lang='grc' dir='ltr'><strong>ςπτηνῶν,</strong></span> <span class='ocrx_word' id='word_1_162' title='bbox 441 3397 565 3457; x_wconf 80' lang='grc' dir='ltr'><strong>διδάσκοι</strong></span> <span class='ocrx_word' id='word_1_163' title='bbox 575 3401 602 3456; x_wconf 88' lang='grc' dir='ltr'><strong>τέ</strong></span> <span class='ocrx_word' id='word_1_164' title='bbox 615 3396 707 3456; x_wconf 81' lang='grc' dir='ltr'><strong>δύνατ’</strong></span> <span class='ocrx_word' id='word_1_165' title='bbox 724 3397 836 3478; x_wconf 84' lang='grc' dir='ltr'><strong>όρνέθων</strong></span> <span class='ocrx_word' id='word_1_166' title='bbox 849 3400 938 3474; x_wconf 88' lang='grc' dir='ltr'><strong>γένος,</strong></span> 
     </span>
     <span class='ocr_line' id='line_1_32' title="bbox 304 3487 874 3568; baseline -0.012 -20"><span class='ocrx_word' id='word_1_167' title='bbox 304 3493 351 3548; x_wconf 78' lang='grc' dir='ltr'><strong>καὶ</strong></span> <span class='ocrx_word' id='word_1_168' title='bbox 364 3493 432 3557; x_wconf 77' lang='grc' dir='ltr'><strong>πῶς,</strong></span> <span class='ocrx_word' id='word_1_169' title='bbox 445 3491 543 3568; x_wconf 85' lang='grc' dir='ltr'><strong>έάνπιρ</strong></span> <span class='ocrx_word' id='word_1_170' title='bbox 558 3488 630 3545; x_wconf 79' lang='grc' dir='ltr'><strong>κατὰ</strong></span> <span class='ocrx_word' id='word_1_171' title='bbox 646 3489 729 3564; x_wconf 92' lang='grc' dir='ltr'><strong>μέσον</strong></span> <span class='ocrx_word' id='word_1_172' title='bbox 742 3487 789 3542; x_wconf 84' lang='grc' dir='ltr'><strong>τόν</strong></span> <span class='ocrx_word' id='word_1_173' title='bbox 805 3488 874 3565; x_wconf 83' lang='grc' dir='ltr'><strong>ἀέρα</strong></span> 
     </span>
     <span class='ocr_line' id='line_1_33' title="bbox 304 3575 881 3653; baseline -0.014 -16"><span class='ocrx_word' id='word_1_174' title='bbox 304 3578 385 3637; x_wconf 87' lang='grc' dir='ltr'><strong>πόλιν</strong></span> <span class='ocrx_word' id='word_1_175' title='bbox 399 3581 520 3644; x_wconf 87' lang='grc' dir='ltr'><strong>κτέοωοι,</strong></span> <span class='ocrx_word' id='word_1_176' title='bbox 535 3580 589 3633; x_wconf 83' lang='grc' dir='ltr'><strong>τῶν</strong></span> <span class='ocrx_word' id='word_1_177' title='bbox 603 3575 671 3633; x_wconf 84' lang='grc' dir='ltr'><strong>θεῶν</strong></span> <span class='ocrx_word' id='word_1_178' title='bbox 679 3576 716 3632; x_wconf 82' lang='grc' dir='ltr'><strong>τά</strong></span> <span class='ocrx_word' id='word_1_179' title='bbox 729 3576 881 3653; x_wconf 83' lang='grc' dir='ltr'><strong>πράγματα</strong></span> 
     </span>
     <span class='ocr_line' id='line_1_34' title="bbox 306 3661 973 3746; baseline -0.013 -21"><span class='ocrx_word' id='word_1_180' title='bbox 306 3670 386 3725; x_wconf 81' lang='grc' dir='ltr'><strong>αὐτοὶ</strong></span> <span class='ocrx_word' id='word_1_181' title='bbox 396 3663 603 3746; x_wconf 73' lang='grc' dir='ltr'><strong>παραλήψοντ’·</strong></span> <span class='ocrx_word' id='word_1_182' title='bbox 620 3666 651 3721; x_wconf 86' lang='grc' dir='ltr'>έκ</span> <span class='ocrx_word' id='word_1_183' title='bbox 665 3661 695 3721; x_wconf 92' lang='grc' dir='ltr'>δέ</span> <span class='ocrx_word' id='word_1_184' title='bbox 709 3668 759 3719; x_wconf 81' lang='grc' dir='ltr'><strong>τού</strong></span> <span class='ocrx_word' id='word_1_185' title='bbox 774 3683 805 3741; x_wconf 89' lang='grc' dir='ltr'>γι</span> <span class='ocrx_word' id='word_1_186' title='bbox 821 3664 973 3741; x_wconf 76' lang='grc' dir='ltr'><strong>φαρμάκου</strong></span> 
     </span>
     <span class='ocr_line' id='line_1_35' title="bbox 306 3749 882 3836; baseline -0.012 -22"><span class='ocrx_word' id='word_1_187' title='bbox 306 3762 440 3836; x_wconf 88' lang='grc' dir='ltr'><strong>πτέρυγας</strong></span> <span class='ocrx_word' id='word_1_188' title='bbox 454 3757 575 3813; x_wconf 86' lang='grc' dir='ltr'><strong>έποέουν·</strong></span> <span class='ocrx_word' id='word_1_189' title='bbox 590 3749 714 3825; x_wconf 78' lang='grc' dir='ltr'><strong>ἠζέωσαν</strong></span> <span class='ocrx_word' id='word_1_190' title='bbox 730 3749 755 3808; x_wconf 90' lang='grc' dir='ltr'>δ’</span> <span class='ocrx_word' id='word_1_191' title='bbox 771 3752 799 3808; x_wconf 85' lang='lat' dir='ltr'>ol</span> <span class='ocrx_word' id='word_1_192' title='bbox 814 3749 882 3824; x_wconf 89' lang='grc' dir='ltr'><strong>θιοέ,</strong></span> 
     </span>
     <span class='ocr_line' id='line_1_36' title="bbox 269 3843 893 3924; baseline -0.013 -19"><span class='ocrx_word' id='word_1_193' title='bbox 269 3861 296 3908; x_wconf 85' lang='lat' dir='ltr'>tu</span> <span class='ocrx_word' id='word_1_194' title='bbox 307 3845 423 3904; x_wconf 87' lang='grc' dir='ltr'><strong>έπέθεσιν</strong></span> <span class='ocrx_word' id='word_1_195' title='bbox 439 3847 471 3902; x_wconf 81' lang='grc' dir='ltr'>οὒ</span> <span class='ocrx_word' id='word_1_196' title='bbox 489 3846 587 3924; x_wconf 80' lang='grc' dir='ltr'><strong>μικρὰν</strong></span> <span class='ocrx_word' id='word_1_197' title='bbox 602 3844 717 3921; x_wconf 82' lang='grc' dir='ltr'><strong>δρῶντες</strong></span> <span class='ocrx_word' id='word_1_198' title='bbox 729 3843 893 3917; x_wconf 89' lang='grc' dir='ltr'><strong>γενομένην.</strong></span> 
     </span>
    </p>
   </div>
   <div class='ocr_carea' id='block_1_9' title="bbox 567 3986 824 4044">
    <p class='ocr_par' dir='ltr' id='par_1_16' title="bbox 567 3986 824 4044">
     <span class='ocr_line' id='line_1_37' title="bbox 567 3986 824 4044; baseline -0.012 0"><span class='ocrx_word' id='word_1_199' title='bbox 567 3986 616 4044; x_wconf 85' lang='grc'>90.</span> <span class='ocrx_word' id='word_1_200' title='bbox 638 3991 702 4041; x_wconf 79' lang='grc' dir='ltr'>ΤΟΥ</span> <span class='ocrx_word' id='word_1_201' title='bbox 712 3990 824 4041; x_wconf 78' lang='grc' dir='ltr'><strong>ΑΠΟΥ.</strong></span> 
     </span>
    </p>
   </div>
   <div class='ocr_carea' id='block_1_10' title="bbox 272 4109 980 4998">
    <p class='ocr_par' dir='ltr' id='par_1_17' title="bbox 272 4109 980 4998">
     <span class='ocr_line' id='line_1_38' title="bbox 309 4109 978 4194; baseline -0.016 -16"><span class='ocrx_word' id='word_1_202' title='bbox 309 4119 449 4177; x_wconf 84' lang='grc' dir='ltr'><strong>Φιλοῦντα</strong></span> <span class='ocrx_word' id='word_1_203' title='bbox 469 4113 589 4186; x_wconf 74' lang='grc' dir='ltr'><strong>δικάζειν</strong></span> <span class='ocrx_word' id='word_1_204' title='bbox 602 4119 708 4194; x_wconf 81' lang='grc' dir='ltr'><strong>πατέρα</strong></span> <span class='ocrx_word' id='word_1_205' title='bbox 719 4119 783 4180; x_wconf 82' lang='grc' dir='ltr'><strong>παῖς</strong></span> <span class='ocrx_word' id='word_1_206' title='bbox 798 4109 887 4192; x_wconf 73' lang='grc' dir='ltr'><strong>εἵρξας</strong></span> <span class='ocrx_word' id='word_1_207' title='bbox 901 4114 978 4192; x_wconf 87' lang='grc' dir='ltr'><strong>άφνω</strong></span> 
     </span>
     <span class='ocr_line' id='line_1_39' title="bbox 309 4202 931 4286; baseline -0.014 -20"><span class='ocrx_word' id='word_1_208' title='bbox 309 4210 391 4273; x_wconf 80' lang='grc' dir='ltr'><strong>αὐτὸς</strong></span> <span class='ocrx_word' id='word_1_209' title='bbox 405 4204 553 4286; x_wconf 89' lang='grc' dir='ltr'><strong>έφόλαττιν</strong></span> <span class='ocrx_word' id='word_1_210' title='bbox 568 4202 646 4262; x_wconf 85' lang='grc' dir='ltr'><strong>ένδυν</strong></span> <span class='ocrx_word' id='word_1_211' title='bbox 661 4207 789 4262; x_wconf 80' lang='grc' dir='ltr'><strong>οὶκοῦντά</strong></span> <span class='ocrx_word' id='word_1_212' title='bbox 802 4202 841 4281; x_wconf 89' lang='grc' dir='ltr'>γ’,</span> <span class='ocrx_word' id='word_1_213' title='bbox 858 4203 931 4267; x_wconf 81' lang='grc' dir='ltr'><strong>ὅπως</strong></span> 
     </span>
     <span class='ocr_line' id='line_1_40' title="bbox 311 4290 907 4376; baseline -0.007 -22"><span class='ocrx_word' id='word_1_214' title='bbox 311 4301 350 4376; x_wconf 83' lang='grc' dir='ltr'>μὴ</span> <span class='ocrx_word' id='word_1_215' title='bbox 365 4295 503 4374; x_wconf 73' lang='grc' dir='ltr'><strong>λανθάνῃ,</strong></span> <span class='ocrx_word' id='word_1_216' title='bbox 522 4291 589 4372; x_wconf 83' lang='grc' dir='ltr'><strong>μηδ’</strong></span> <span class='ocrx_word' id='word_1_217' title='bbox 605 4290 676 4371; x_wconf 56' lang='lat' dir='ltr'>lits),</span> <span class='ocrx_word' id='word_1_218' title='bbox 692 4290 801 4364; x_wconf 75' lang='grc' dir='ltr'><strong>διάιην</strong></span> <span class='ocrx_word' id='word_1_219' title='bbox 814 4295 907 4350; x_wconf 84' lang='grc' dir='ltr'><strong>νόσον.</strong></span> 
     </span>
     <span class='ocr_line' id='line_1_41' title="bbox 309 4374 968 4464; baseline -0.009 -18"><span class='ocrx_word' id='word_1_220' title='bbox 309 4374 331 4446; x_wconf 78' lang='grc' dir='ltr'><strong>θ</strong></span> <span class='ocrx_word' id='word_1_221' title='bbox 344 4386 370 4444; x_wconf 87' lang='grc' dir='ltr'>δ’</span> <span class='ocrx_word' id='word_1_222' title='bbox 386 4389 567 4464; x_wconf 81' lang='grc' dir='ltr'><strong>άντιμάχεται</strong></span> <span class='ocrx_word' id='word_1_223' title='bbox 580 4387 662 4441; x_wconf 81' lang='grc' dir='ltr'><strong>παντὶ</strong></span> <span class='ocrx_word' id='word_1_224' title='bbox 674 4389 766 4464; x_wconf 82' lang='grc' dir='ltr'><strong>τρόπῳ</strong></span> <span class='ocrx_word' id='word_1_225' title='bbox 780 4386 828 4439; x_wconf 80' lang='grc' dir='ltr'><strong>καὶ</strong></span> <span class='ocrx_word' id='word_1_226' title='bbox 841 4385 968 4460; x_wconf 76' lang='grc' dir='ltr'><strong>μηχανῇ.</strong></span> 
     </span>
     <span class='ocr_line' id='line_1_42' title="bbox 286 4472 925 4552; baseline -0.013 -18"><span class='ocrx_word' id='word_1_227' title='bbox 286 4475 367 4534; x_wconf 80' lang='grc' dir='ltr'><strong>5Εἶθ’</strong></span> <span class='ocrx_word' id='word_1_228' title='bbox 382 4477 410 4534; x_wconf 79' lang='grc' dir='ltr'>οἱ</span> <span class='ocrx_word' id='word_1_229' title='bbox 423 4472 548 4546; x_wconf 78' lang='grc' dir='ltr'><strong>συνήθεις</strong></span> <span class='ocrx_word' id='word_1_230' title='bbox 568 4476 616 4530; x_wconf 70' lang='grc' dir='ltr'><strong>καὶ</strong></span> <span class='ocrx_word' id='word_1_231' title='bbox 627 4477 761 4552; x_wconf 84' lang='grc' dir='ltr'><strong>γέροντες,</strong></span> <span class='ocrx_word' id='word_1_232' title='bbox 776 4472 925 4550; x_wconf 86' lang='grc' dir='ltr'><strong>λιγόμινοι</strong></span> 
     </span>
     <span class='ocr_line' id='line_1_43' title="bbox 309 4558 958 4645; baseline -0.011 -22"><span class='ocrx_word' id='word_1_233' title='bbox 309 4569 422 4645; x_wconf 86' lang='grc' dir='ltr'><strong>σφῆκις,</strong></span> <span class='ocrx_word' id='word_1_234' title='bbox 437 4565 638 4642; x_wconf 80' lang='grc' dir='ltr'><strong>παραγίνονται</strong></span> <span class='ocrx_word' id='word_1_235' title='bbox 656 4559 822 4638; x_wconf 84' lang='grc' dir='ltr'><strong>βοηθοῦντες</strong></span> <span class='ocrx_word' id='word_1_236' title='bbox 839 4558 958 4639; x_wconf 89' lang='grc' dir='ltr'><strong>σφόδρα,</strong></span> 
     </span>
     <span class='ocr_line' id='line_1_44' title="bbox 310 4649 832 4732; baseline -0.011 -20"><span class='ocrx_word' id='word_1_237' title='bbox 310 4658 355 4712; x_wconf 83' lang='grc' dir='ltr'>έπὶ</span> <span class='ocrx_word' id='word_1_238' title='bbox 367 4658 405 4732; x_wconf 80' lang='grc' dir='ltr'><strong>τῷ</strong></span> <span class='ocrx_word' id='word_1_239' title='bbox 422 4649 557 4709; x_wconf 87' lang='grc' dir='ltr'><strong>δύνασθαι</strong></span> <span class='ocrx_word' id='word_1_240' title='bbox 570 4654 680 4731; x_wconf 85' lang='grc' dir='ltr'><strong>κέντρον</strong></span> <span class='ocrx_word' id='word_1_241' title='bbox 695 4653 765 4708; x_wconf 86' lang='grc' dir='ltr'><strong>έέναι</strong></span> <span class='ocrx_word' id='word_1_242' title='bbox 778 4653 832 4708; x_wconf 76' lang='grc' dir='ltr'><strong>τισὶ</strong></span> 
     </span>
     <span class='ocr_line' id='line_1_45' title="bbox 310 4737 955 4822; baseline -0.011 -21"><span class='ocrx_word' id='word_1_243' title='bbox 310 4747 471 4822; x_wconf 84' lang='grc' dir='ltr'><strong>φρονοῦντες</strong></span> <span class='ocrx_word' id='word_1_244' title='bbox 484 4742 589 4797; x_wconf 78' lang='grc' dir='ltr'><strong>ἱκανόν·</strong></span> <span class='ocrx_word' id='word_1_245' title='bbox 607 4742 621 4796; x_wconf 92' lang='grc' dir='ltr'><strong>ό</strong></span> <span class='ocrx_word' id='word_1_246' title='bbox 637 4737 667 4795; x_wconf 70' lang='grc' dir='ltr'>δί</span> <span class='ocrx_word' id='word_1_247' title='bbox 680 4741 768 4818; x_wconf 89' lang='grc' dir='ltr'><strong>γέρων</strong></span> <span class='ocrx_word' id='word_1_248' title='bbox 783 4742 955 4818; x_wconf 84' lang='grc' dir='ltr'><strong>τηρούμενος</strong></span> 
     </span>
     <span class='ocr_line' id='line_1_46' title="bbox 310 4825 915 4910; baseline -0.008 -21"><span class='ocrx_word' id='word_1_249' title='bbox 310 4830 468 4910; x_wconf 78' lang='grc' dir='ltr'><strong>ξυμπιέθττ’</strong></span> <span class='ocrx_word' id='word_1_250' title='bbox 482 4827 560 4887; x_wconf 83' lang='grc' dir='ltr'><strong>ένδον</strong></span> <span class='ocrx_word' id='word_1_251' title='bbox 576 4825 744 4898; x_wconf 85' lang='grc' dir='ltr'><strong>διαδικάζειν</strong></span> <span class='ocrx_word' id='word_1_252' title='bbox 759 4831 808 4885; x_wconf 78' lang='grc' dir='ltr'><strong>καὶ</strong></span> <span class='ocrx_word' id='word_1_253' title='bbox 823 4827 915 4904; x_wconf 87' lang='grc' dir='ltr'><strong>βιοῦν,</strong></span> 
     </span>
     <span class='ocr_line' id='line_1_47' title="bbox 272 4915 980 4998; baseline -0.006 -20"><span class='ocrx_word' id='word_1_254' title='bbox 272 4931 301 4979; x_wconf 84' lang='lat' dir='ltr'>tt</span> <span class='ocrx_word' id='word_1_255' title='bbox 312 4923 371 4978; x_wconf 80' lang='grc' dir='ltr'><strong>έπεέ</strong></span> <span class='ocrx_word' id='word_1_256' title='bbox 384 4921 414 4978; x_wconf 82' lang='grc' dir='ltr'><strong>τό</strong></span> <span class='ocrx_word' id='word_1_257' title='bbox 429 4915 548 4987; x_wconf 81' lang='grc' dir='ltr'><strong>δικάζειν</strong></span> <span class='ocrx_word' id='word_1_258' title='bbox 563 4922 685 4998; x_wconf 84' lang='grc' dir='ltr'><strong>κέκρικεν</strong></span> <span class='ocrx_word' id='word_1_259' title='bbox 703 4919 734 4973; x_wconf 79' lang='lat' dir='ltr'>lx</span> <span class='ocrx_word' id='word_1_260' title='bbox 753 4919 855 4982; x_wconf 87' lang='grc' dir='ltr'><strong>παντός</strong></span> <span class='ocrx_word' id='word_1_261' title='bbox 864 4921 980 4997; x_wconf 89' lang='grc' dir='ltr'><strong>τρόπου.</strong></span> 
     </span>
    </p>
   </div>
   <div class='ocr_carea' id='block_1_11' title="bbox 551 5056 841 5120">
    <p class='ocr_par' dir='ltr' id='par_1_18' title="bbox 551 5056 841 5120">
     <span class='ocr_line' id='line_1_48' title="bbox 551 5056 841 5120; baseline -0.007 0"><span class='ocrx_word' id='word_1_262' title='bbox 551 5059 600 5120; x_wconf 77' lang='lat'>91.</span> <span class='ocrx_word' id='word_1_263' title='bbox 621 5056 841 5118; x_wconf 69' lang='lat' dir='ltr'>mutuorou.</span> 
     </span>
    </p>
   </div>
   <div class='ocr_carea' id='block_1_12' title="bbox 313 5177 900 5276">
    <p class='ocr_par' dir='ltr' id='par_1_19' title="bbox 313 5177 900 5276">
     <span class='ocr_line' id='line_1_49' title="bbox 313 5177 900 5276; baseline -0.019 -21"><span class='ocrx_word' id='word_1_264' title='bbox 313 5197 422 5276; x_wconf 75' lang='grc' dir='ltr'><strong>Χρύσης</strong></span> <span class='ocrx_word' id='word_1_265' title='bbox 435 5177 544 5268; x_wconf 73' lang='grc' dir='ltr'><strong>λθηνάς</strong></span> <span class='ocrx_word' id='word_1_266' title='bbox 558 5193 653 5272; x_wconf 80' lang='grc' dir='ltr'><strong>βωμόν</strong></span> <span class='ocrx_word' id='word_1_267' title='bbox 670 5193 900 5271; x_wconf 82' lang='grc' dir='ltr'><strong>έπικεχωσμένον,</strong></span> 
     </span>
    </p>
   </div>
   <div class='ocr_carea' id='block_1_13' title="bbox 1106 513 1651 589">
    <p class='ocr_par' dir='ltr' id='par_1_20' title="bbox 1106 513 1651 589">
     <span class='ocr_line' id='line_1_50' title="bbox 1106 513 1651 589; baseline 0.007 -19"><span class='ocrx_word' id='word_1_268' title='bbox 1106 513 1244 589; x_wconf 85' lang='lat' dir='ltr'>jussitque</span> <span class='ocrx_word' id='word_1_269' title='bbox 1259 515 1287 571; x_wconf 93' lang='lat' dir='ltr'>in</span> <span class='ocrx_word' id='word_1_270' title='bbox 1301 532 1442 572; x_wconf 89' lang='lat' dir='ltr'>commune</span> <span class='ocrx_word' id='word_1_271' title='bbox 1456 515 1548 572; x_wconf 79' lang='lat' dir='ltr'>afferri</span> <span class='ocrx_word' id='word_1_272' title='bbox 1560 514 1651 574; x_wconf 85' lang='lat' dir='ltr'>omnia</span> 
     </span>
    </p>
   </div>
   <div class='ocr_carea' id='block_1_14' title="bbox 1109 601 1724 680">
    <p class='ocr_par' dir='ltr' id='par_1_21' title="bbox 1109 601 1724 680">
     <span class='ocr_line' id='line_1_51' title="bbox 1109 601 1724 680; baseline 0.005 -20"><span class='ocrx_word' id='word_1_273' title='bbox 1109 603 1183 660; x_wconf 87' lang='lat' dir='ltr'>bona</span> <span class='ocrx_word' id='word_1_274' title='bbox 1195 620 1214 660; x_wconf 90' lang='lat' dir='ltr'>a</span> <span class='ocrx_word' id='word_1_275' title='bbox 1226 602 1307 672; x_wconf 84' lang='lat' dir='ltr'>viris;</span> <span class='ocrx_word' id='word_1_276' title='bbox 1323 601 1362 660; x_wconf 84' lang='lat' dir='ltr'>ita</span> <span class='ocrx_word' id='word_1_277' title='bbox 1376 602 1515 660; x_wconf 87' lang='lat' dir='ltr'>decretum</span> <span class='ocrx_word' id='word_1_278' title='bbox 1531 621 1592 662; x_wconf 89' lang='lat' dir='ltr'>essa</span> <span class='ocrx_word' id='word_1_279' title='bbox 1605 604 1724 680; x_wconf 74' lang='lat' dir='ltr'>legibus.</span> 
     </span>
    </p>
   </div>
   <div class='ocr_carea' id='block_1_15' title="bbox 1390 756 1600 812">
    <p class='ocr_par' dir='ltr' id='par_1_22' title="bbox 1390 756 1600 812">
     <span class='ocr_line' id='line_1_52' title="bbox 1390 756 1600 812; baseline -0.019 0"><span class='ocrx_word' id='word_1_280' title='bbox 1390 756 1434 812; x_wconf 83' lang='grc'>87.</span> <span class='ocrx_word' id='word_1_281' title='bbox 1455 764 1600 808; x_wconf 82' lang='lat' dir='ltr'>urusouu.</span> 
     </span>
    </p>
   </div>
   <div class='ocr_carea' id='block_1_16' title="bbox 1112 885 1879 1758">
    <p class='ocr_par' dir='ltr' id='par_1_23' title="bbox 1112 885 1649 961">
     <span class='ocr_line' id='line_1_53' title="bbox 1112 885 1649 961; baseline 0.002 -18"><span class='ocrx_word' id='word_1_282' title='bbox 1112 886 1213 944; x_wconf 84' lang='lat' dir='ltr'>Habita</span> <span class='ocrx_word' id='word_1_283' title='bbox 1224 886 1363 955; x_wconf 75' lang='lat' dir='ltr'>concione,</span> <span class='ocrx_word' id='word_1_284' title='bbox 1375 885 1524 944; x_wconf 83' lang='lat' dir='ltr'>adveniunt</span> <span class='ocrx_word' id='word_1_285' title='bbox 1537 887 1649 961; x_wconf 87' lang='lat' dir='ltr'>quidam</span> 
     </span>
    </p>

    <p class='ocr_par' dir='ltr' id='par_1_24' title="bbox 1112 974 1578 1049">
     <span class='ocr_line' id='line_1_54' title="bbox 1112 974 1578 1049; baseline 0.004 -17"><span class='ocrx_word' id='word_1_286' title='bbox 1112 991 1129 1032; x_wconf 86' lang='lat' dir='ltr'>a</span> <span class='ocrx_word' id='word_1_287' title='bbox 1144 975 1222 1049; x_wconf 80' lang='lat' dir='ltr'>ltege</span> <span class='ocrx_word' id='word_1_288' title='bbox 1238 981 1266 1032; x_wconf 87' lang='lat' dir='ltr'>et</span> <span class='ocrx_word' id='word_1_289' title='bbox 1280 974 1316 1032; x_wconf 88' lang='lat' dir='ltr'>ab</span> <span class='ocrx_word' id='word_1_290' title='bbox 1330 974 1431 1033; x_wconf 86' lang='lat' dir='ltr'>Sitalce</span> <span class='ocrx_word' id='word_1_291' title='bbox 1445 992 1555 1032; x_wconf 86' lang='lat' dir='ltr'>rursum</span> <span class='ocrx_word' id='word_1_292' title='bbox 1570 990 1578 1034; x_wconf 89' lang='lat'><strong>:</strong></span> 
     </span>
    </p>

    <p class='ocr_par' dir='ltr' id='par_1_25' title="bbox 1113 1062 1879 1227">
     <span class='ocr_line' id='line_1_55' title="bbox 1113 1062 1879 1136; baseline 0 -16"><span class='ocrx_word' id='word_1_293' title='bbox 1113 1062 1263 1136; x_wconf 88' lang='lat' dir='ltr'>hiquidem</span> <span class='ocrx_word' id='word_1_294' title='bbox 1273 1062 1422 1122; x_wconf 85' lang='lat' dir='ltr'>exercitum</span> <span class='ocrx_word' id='word_1_295' title='bbox 1430 1063 1612 1134; x_wconf 86' lang='lat' dir='ltr'>adducentes;</span> <span class='ocrx_word' id='word_1_296' title='bbox 1628 1062 1666 1122; x_wconf 91' lang='lat' dir='ltr'>illi</span> <span class='ocrx_word' id='word_1_297' title='bbox 1675 1069 1765 1121; x_wconf 88' lang='lat' dir='ltr'>autem</span> <span class='ocrx_word' id='word_1_298' title='bbox 1773 1079 1879 1121; x_wconf 87' lang='lat' dir='ltr'>aurum.</span> 
     </span>
     <span class='ocr_line' id='line_1_56' title="bbox 1114 1150 1665 1227; baseline 0.002 -18"><span class='ocrx_word' id='word_1_299' title='bbox 1114 1154 1139 1209; x_wconf 77' lang='grc' dir='ltr'><strong>λ</strong></span> <span class='ocrx_word' id='word_1_300' title='bbox 1153 1150 1367 1210; x_wconf 79' lang='lat' dir='ltr'>lacedemoniis</span> <span class='ocrx_word' id='word_1_301' title='bbox 1380 1159 1445 1227; x_wconf 83' lang='lat' dir='ltr'>post</span> <span class='ocrx_word' id='word_1_302' title='bbox 1456 1151 1525 1210; x_wconf 84' lang='lat' dir='ltr'>istos</span> <span class='ocrx_word' id='word_1_303' title='bbox 1539 1151 1665 1226; x_wconf 89' lang='lat' dir='ltr'>quidam·</span> 
     </span>
    </p>

    <p class='ocr_par' dir='ltr' id='par_1_26' title="bbox 1115 1239 1785 1405">
     <span class='ocr_line' id='line_1_57' title="bbox 1115 1239 1785 1316; baseline -0.004 -18"><span class='ocrx_word' id='word_1_304' title='bbox 1115 1241 1205 1300; x_wconf 76' lang='lat' dir='ltr'>foedus</span> <span class='ocrx_word' id='word_1_305' title='bbox 1219 1241 1339 1298; x_wconf 81' lang='lat' dir='ltr'>terentes</span> <span class='ocrx_word' id='word_1_306' title='bbox 1353 1258 1360 1298; x_wconf 94' lang='lat'><strong>:</strong></span> <span class='ocrx_word' id='word_1_307' title='bbox 1373 1258 1442 1316; x_wconf 87' lang='lat' dir='ltr'>quos</span> <span class='ocrx_word' id='word_1_308' title='bbox 1456 1239 1598 1298; x_wconf 76' lang='lat' dir='ltr'>Acharnes</span> <span class='ocrx_word' id='word_1_309' title='bbox 1611 1257 1785 1316; x_wconf 86' lang='lat' dir='ltr'>nequaquam</span> 
     </span>
     <span class='ocr_line' id='line_1_58' title="bbox 1116 1329 1670 1405; baseline -0.004 -18"><span class='ocrx_word' id='word_1_310' title='bbox 1116 1330 1215 1401; x_wconf 83' lang='lat' dir='ltr'>sisere,</span> <span class='ocrx_word' id='word_1_311' title='bbox 1227 1330 1276 1387; x_wconf 85' lang='lat' dir='ltr'>sed</span> <span class='ocrx_word' id='word_1_312' title='bbox 1288 1331 1428 1405; x_wconf 71' lang='lat' dir='ltr'>eiecerunt</span> <span class='ocrx_word' id='word_1_313' title='bbox 1441 1347 1450 1386; x_wconf 75' lang='grc' dir='ltr'><strong>ι</strong></span> <span class='ocrx_word' id='word_1_314' title='bbox 1464 1347 1535 1404; x_wconf 87' lang='lat' dir='ltr'>quos</span> <span class='ocrx_word' id='word_1_315' title='bbox 1545 1329 1670 1388; x_wconf 81' lang='lat' dir='ltr'>adoritur</span> 
     </span>
    </p>

    <p class='ocr_par' dir='ltr' id='par_1_27' title="bbox 1116 1418 1670 1494">
     <span class='ocr_line' id='line_1_59' title="bbox 1116 1418 1670 1494; baseline -0.002 -17"><span class='ocrx_word' id='word_1_316' title='bbox 1116 1420 1244 1478; x_wconf 70' lang='lat' dir='ltr'><strong>atrociter</strong></span> <span class='ocrx_word' id='word_1_317' title='bbox 1259 1425 1350 1494; x_wconf 89' lang='lat' dir='ltr'>poeta.</span> <span class='ocrx_word' id='word_1_318' title='bbox 1368 1418 1462 1494; x_wconf 87' lang='lat' dir='ltr'>Ipsum</span> <span class='ocrx_word' id='word_1_319' title='bbox 1475 1418 1670 1494; x_wconf 91' lang='lat' dir='ltr'>decratumque</span> 
     </span>
    </p>

    <p class='ocr_par' dir='ltr' id='par_1_28' title="bbox 1118 1505 1705 1582">
     <span class='ocr_line' id='line_1_60' title="bbox 1118 1505 1705 1582; baseline -0.007 -16"><span class='ocrx_word' id='word_1_320' title='bbox 1118 1508 1286 1582; x_wconf 80' lang='lat' dir='ltr'>Megaricum</span> <span class='ocrx_word' id='word_1_321' title='bbox 1300 1507 1368 1564; x_wconf 89' lang='lat' dir='ltr'>satis</span> <span class='ocrx_word' id='word_1_322' title='bbox 1382 1507 1511 1582; x_wconf 79' lang='lat' dir='ltr'>designat</span> <span class='ocrx_word' id='word_1_323' title='bbox 1523 1512 1552 1564; x_wconf 92' lang='lat' dir='ltr'>at</span> <span class='ocrx_word' id='word_1_324' title='bbox 1561 1505 1705 1575; x_wconf 75' lang='lat' dir='ltr'>Periclem,</span> 
     </span>
    </p>

    <p class='ocr_par' dir='ltr' id='par_1_29' title="bbox 1117 1593 1856 1758">
     <span class='ocr_line' id='line_1_61' title="bbox 1117 1593 1856 1671; baseline -0.003 -19"><span class='ocrx_word' id='word_1_325' title='bbox 1117 1596 1165 1671; x_wconf 87' lang='lat' dir='ltr'>qui</span> <span class='ocrx_word' id='word_1_326' title='bbox 1174 1600 1246 1654; x_wconf 78' lang='lat' dir='ltr'>uenit</span> <span class='ocrx_word' id='word_1_327' title='bbox 1255 1613 1271 1652; x_wconf 87' lang='lat' dir='ltr'>e</span> <span class='ocrx_word' id='word_1_328' title='bbox 1281 1594 1505 1665; x_wconf 81' lang='lat' dir='ltr'>Lacedaemoniis,</span> <span class='ocrx_word' id='word_1_329' title='bbox 1518 1595 1615 1651; x_wconf 90' lang='lat' dir='ltr'>borum</span> <span class='ocrx_word' id='word_1_330' title='bbox 1628 1593 1748 1651; x_wconf 90' lang='lat' dir='ltr'>omnium</span> <span class='ocrx_word' id='word_1_331' title='bbox 1762 1610 1856 1662; x_wconf 75' lang='lat' dir='ltr'>cause,</span> 
     </span>
     <span class='ocr_line' id='line_1_62' title="bbox 1118 1680 1831 1758; baseline -0.004 -17"><span class='ocrx_word' id='word_1_332' title='bbox 1118 1684 1234 1756; x_wconf 77' lang='lat' dir='ltr'>tendere,</span> <span class='ocrx_word' id='word_1_333' title='bbox 1250 1683 1467 1758; x_wconf 79' lang='lat' dir='ltr'>solutionemque</span> <span class='ocrx_word' id='word_1_334' title='bbox 1480 1680 1677 1740; x_wconf 91' lang='lat' dir='ltr'>imminentium</span> <span class='ocrx_word' id='word_1_335' title='bbox 1688 1682 1831 1739; x_wconf 84' lang='lat' dir='ltr'>melorum.</span> 
     </span>
    </p>
   </div>
   <div class='ocr_carea' id='block_1_17' title="bbox 1396 1837 1606 1893">
    <p class='ocr_par' dir='ltr' id='par_1_30' title="bbox 1396 1837 1606 1893">
     <span class='ocr_line' id='line_1_63' title="bbox 1396 1837 1606 1893; baseline -0.029 0"><span class='ocrx_word' id='word_1_336' title='bbox 1396 1837 1440 1893; x_wconf 89' lang='grc'>88.</span> <span class='ocrx_word' id='word_1_337' title='bbox 1460 1844 1606 1890; x_wconf 78' lang='grc' dir='ltr'><strong>ιιιυοουυ.</strong></span> 
     </span>
    </p>
   </div>
   <div class='ocr_carea' id='block_1_18' title="bbox 1120 1965 1889 2129">
    <p class='ocr_par' dir='ltr' id='par_1_31' title="bbox 1120 1965 1889 2129">
     <span class='ocr_line' id='line_1_64' title="bbox 1120 1965 1674 2040; baseline 0.007 -19"><span class='ocrx_word' id='word_1_338' title='bbox 1120 1965 1226 2023; x_wconf 87' lang='lat' dir='ltr'>lnducit</span> <span class='ocrx_word' id='word_1_339' title='bbox 1238 1965 1383 2040; x_wconf 85' lang='lat' dir='ltr'>quemdam</span> <span class='ocrx_word' id='word_1_340' title='bbox 1395 1966 1533 2036; x_wconf 77' lang='lat' dir='ltr'>Cleonem,</span> <span class='ocrx_word' id='word_1_341' title='bbox 1547 1974 1674 2025; x_wconf 79' lang='lat' dir='ltr'>vocatum</span> 
     </span>
     <span class='ocr_line' id='line_1_65' title="bbox 1120 2054 1889 2129; baseline 0.003 -19"><span class='ocrx_word' id='word_1_342' title='bbox 1120 2054 1342 2128; x_wconf 76' lang='lat' dir='ltr'>Paphlagonem‚</span> <span class='ocrx_word' id='word_1_343' title='bbox 1369 2061 1398 2113; x_wconf 89' lang='lat' dir='ltr'>et</span> <span class='ocrx_word' id='word_1_344' title='bbox 1424 2055 1542 2129; x_wconf 77' lang='lat' dir='ltr'><strong>mplius</strong></span> <span class='ocrx_word' id='word_1_345' title='bbox 1566 2054 1889 2114; x_wconf 77' lang='lat' dir='ltr'>coriorum-venditorem</span> 
     </span>
    </p>
   </div>
   <div class='ocr_carea' id='block_1_19' title="bbox 1039 2142 1890 2219">
    <p class='ocr_par' dir='ltr' id='par_1_32' title="bbox 1039 2142 1890 2219">
     <span class='ocr_line' id='line_1_66' title="bbox 1039 2142 1890 2219; baseline 0.006 -24"><span class='ocrx_word' id='word_1_346' title='bbox 1039 2191 1041 2195; x_wconf 86' lang='lat'>.</span> <span class='ocrx_word' id='word_1_347' title='bbox 1120 2149 1261 2200; x_wconf 73' lang='lat' dir='ltr'>vorantem</span> <span class='ocrx_word' id='word_1_348' title='bbox 1274 2142 1488 2217; x_wconf 87' lang='lat' dir='ltr'>quodam-modo</span> <span class='ocrx_word' id='word_1_349' title='bbox 1501 2143 1612 2218; x_wconf 84' lang='lat' dir='ltr'>publice</span> <span class='ocrx_word' id='word_1_350' title='bbox 1625 2142 1699 2202; x_wconf 89' lang='lat' dir='ltr'>bona</span> <span class='ocrx_word' id='word_1_351' title='bbox 1713 2159 1720 2200; x_wconf 91' lang='lat'><strong>:</strong></span> <span class='ocrx_word' id='word_1_352' title='bbox 1745 2143 1890 2219; x_wconf 86' lang='lat' dir='ltr'>[acerrime</span> 
     </span>
    </p>
   </div>
   <div class='ocr_carea' id='block_1_20' title="bbox 1121 2228 1892 2838">
    <p class='ocr_par' dir='ltr' id='par_1_33' title="bbox 1121 2228 1892 2838">
     <span class='ocr_line' id='line_1_67' title="bbox 1121 2228 1587 2304; baseline 0.006 -19"><span class='ocrx_word' id='word_1_353' title='bbox 1121 2235 1149 2285; x_wconf 88' lang='lat' dir='ltr'>et</span> <span class='ocrx_word' id='word_1_354' title='bbox 1158 2228 1307 2304; x_wconf 78' lang='lat' dir='ltr'>prestigiis</span> <span class='ocrx_word' id='word_1_355' title='bbox 1319 2236 1496 2304; x_wconf 79' lang='lat' dir='ltr'>prestantem</span> <span class='ocrx_word' id='word_1_356' title='bbox 1507 2230 1587 2288; x_wconf 82' lang='lat' dir='ltr'>relde</span> 
     </span>
     <span class='ocr_line' id='line_1_68' title="bbox 1121 2307 1826 2394; baseline 0.004 -24"><span class='ocrx_word' id='word_1_357' title='bbox 1121 2307 1454 2387; x_wconf 84' lang='lat' dir='ltr'>isiciorum-venditorem,</span> <span class='ocrx_word' id='word_1_358' title='bbox 1469 2316 1618 2394; x_wconf 86' lang='lat' dir='ltr'>statimque</span> <span class='ocrx_word' id='word_1_359' title='bbox 1630 2316 1826 2386; x_wconf 85' lang='lat' dir='ltr'>merdivorum,</span> 
     </span>
     <span class='ocr_line' id='line_1_69' title="bbox 1122 2395 1890 2482; baseline 0.003 -22"><span class='ocrx_word' id='word_1_360' title='bbox 1122 2403 1322 2480; x_wconf 83' lang='lat' dir='ltr'><strong>impulsumque</strong></span> <span class='ocrx_word' id='word_1_361' title='bbox 1336 2405 1373 2464; x_wconf 82' lang='lat' dir='ltr'>ad</span> <span class='ocrx_word' id='word_1_362' title='bbox 1392 2395 1576 2465; x_wconf 76' lang='lat' dir='ltr'>invadendum</span> <span class='ocrx_word' id='word_1_363' title='bbox 1594 2423 1656 2464; x_wconf 86' lang='lat' dir='ltr'>cum</span> <span class='ocrx_word' id='word_1_364' title='bbox 1672 2405 1813 2482; x_wconf 86' lang='lat' dir='ltr'>equitibus</span> <span class='ocrx_word' id='word_1_365' title='bbox 1828 2407 1890 2481; x_wconf 90' lang='lat' dir='ltr'>qui·</span> 
     </span>
     <span class='ocr_line' id='line_1_70' title="bbox 1123 2494 1890 2570; baseline 0.004 -21"><span class='ocrx_word' id='word_1_366' title='bbox 1123 2494 1169 2567; x_wconf 92' lang='lat' dir='ltr'>qui</span> <span class='ocrx_word' id='word_1_367' title='bbox 1184 2494 1212 2551; x_wconf 94' lang='lat' dir='ltr'>in</span> <span class='ocrx_word' id='word_1_368' title='bbox 1225 2495 1310 2552; x_wconf 87' lang='lat' dir='ltr'>choro</span> <span class='ocrx_word' id='word_1_369' title='bbox 1324 2494 1470 2566; x_wconf 77' lang='lat' dir='ltr'>intersunt,</span> <span class='ocrx_word' id='word_1_370' title='bbox 1484 2513 1576 2554; x_wconf 91' lang='lat' dir='ltr'>rarum</span> <span class='ocrx_word' id='word_1_371' title='bbox 1750 2495 1890 2570; x_wconf 68' lang='lat' dir='ltr'>[busdam</span> 
     </span>
     <span class='ocr_line' id='line_1_71' title="bbox 1123 2583 1873 2661; baseline 0.001 -23"><span class='ocrx_word' id='word_1_372' title='bbox 1123 2583 1317 2658; x_wconf 76' lang='lat' dir='ltr'>principatum,</span> <span class='ocrx_word' id='word_1_373' title='bbox 1330 2583 1512 2661; x_wconf 86' lang='lat' dir='ltr'>Cleonamqua</span> <span class='ocrx_word' id='word_1_374' title='bbox 1527 2585 1555 2643; x_wconf 92' lang='lat' dir='ltr'>in</span> <span class='ocrx_word' id='word_1_375' title='bbox 1569 2583 1660 2642; x_wconf 90' lang='lat' dir='ltr'>medio</span> <span class='ocrx_word' id='word_1_376' title='bbox 1674 2585 1873 2642; x_wconf 88' lang='lat' dir='ltr'>accusandum.</span> 
     </span>
     <span class='ocr_line' id='line_1_72' title="bbox 1124 2671 1744 2743; baseline 0 -15"><span class='ocrx_word' id='word_1_377' title='bbox 1124 2671 1156 2728; x_wconf 93' lang='lat' dir='ltr'>ld</span> <span class='ocrx_word' id='word_1_378' title='bbox 1167 2671 1269 2730; x_wconf 84' lang='lat' dir='ltr'>luctum</span> <span class='ocrx_word' id='word_1_379' title='bbox 1283 2680 1326 2730; x_wconf 89' lang='lat' dir='ltr'>est</span> <span class='ocrx_word' id='word_1_380' title='bbox 1341 2691 1348 2730; x_wconf 91' lang='lat'><strong>:</strong></span> <span class='ocrx_word' id='word_1_381' title='bbox 1365 2673 1467 2732; x_wconf 85' lang='lat' dir='ltr'>excidit</span> <span class='ocrx_word' id='word_1_382' title='bbox 1477 2673 1629 2732; x_wconf 88' lang='lat' dir='ltr'>miserrima</span> <span class='ocrx_word' id='word_1_383' title='bbox 1645 2671 1744 2743; x_wconf 88' lang='lat' dir='ltr'>Cleon;</span> 
     </span>
     <span class='ocr_line' id='line_1_73' title="bbox 1124 2760 1892 2838; baseline 0 -20"><span class='ocrx_word' id='word_1_384' title='bbox 1124 2760 1892 2838; x_wconf 78' lang='lat' dir='ltr'>etmerdirorusassecutusestpulcrumsedisbouorem.</span> 
     </span>
    </p>
   </div>
   <div class='ocr_carea' id='block_1_21' title="bbox 1402 2918 1613 2974">
    <p class='ocr_par' dir='ltr' id='par_1_34' title="bbox 1402 2918 1613 2974">
     <span class='ocr_line' id='line_1_74' title="bbox 1402 2918 1613 2974; baseline -0.019 -2"><span class='ocrx_word' id='word_1_385' title='bbox 1402 2918 1446 2974; x_wconf 86' lang='grc'>89.</span> <span class='ocrx_word' id='word_1_386' title='bbox 1467 2925 1613 2972; x_wconf 67' lang='lat' dir='ltr'>musonis.</span> 
     </span>
    </p>
   </div>
   <div class='ocr_carea' id='block_1_22' title="bbox 1125 3046 1782 3212">
    <p class='ocr_par' dir='ltr' id='par_1_35' title="bbox 1125 3046 1782 3212">
     <span class='ocr_line' id='line_1_75' title="bbox 1125 3046 1714 3124; baseline -0.002 -18"><span class='ocrx_word' id='word_1_387' title='bbox 1125 3048 1167 3106; x_wconf 85' lang='lat' dir='ltr'>Ob</span> <span class='ocrx_word' id='word_1_388' title='bbox 1181 3047 1244 3105; x_wconf 89' lang='lat' dir='ltr'>lites</span> <span class='ocrx_word' id='word_1_389' title='bbox 1258 3046 1368 3122; x_wconf 77' lang='lat' dir='ltr'>lugiunt</span> <span class='ocrx_word' id='word_1_390' title='bbox 1381 3047 1504 3105; x_wconf 79' lang='lat' dir='ltr'>Athenas</span> <span class='ocrx_word' id='word_1_391' title='bbox 1516 3049 1571 3106; x_wconf 90' lang='lat' dir='ltr'>duo</span> <span class='ocrx_word' id='word_1_392' title='bbox 1583 3047 1714 3124; x_wconf 88' lang='lat' dir='ltr'>quidam:</span> 
     </span>
     <span class='ocr_line' id='line_1_76' title="bbox 1126 3135 1782 3212; baseline 0.005 -20"><span class='ocrx_word' id='word_1_393' title='bbox 1126 3135 1173 3212; x_wconf 86' lang='lat' dir='ltr'>qui</span> <span class='ocrx_word' id='word_1_394' title='bbox 1186 3136 1222 3194; x_wconf 91' lang='lat' dir='ltr'>ad</span> <span class='ocrx_word' id='word_1_395' title='bbox 1237 3136 1375 3210; x_wconf 85' lang='lat' dir='ltr'>Upupam‚</span> <span class='ocrx_word' id='word_1_396' title='bbox 1390 3136 1438 3210; x_wconf 90' lang='lat' dir='ltr'>qui</span> <span class='ocrx_word' id='word_1_397' title='bbox 1451 3136 1552 3194; x_wconf 90' lang='lat' dir='ltr'>dieitur</span> <span class='ocrx_word' id='word_1_398' title='bbox 1562 3138 1667 3194; x_wconf 80' lang='lat' dir='ltr'>Tereus</span> <span class='ocrx_word' id='word_1_399' title='bbox 1681 3140 1782 3207; x_wconf 70' lang='lat' dir='ltr'>fluisse,</span> 
     </span>
    </p>
   </div>
   <div class='ocr_carea' id='block_1_23' title="bbox 1098 3223 1894 3304">
    <p class='ocr_par' dir='ltr' id='par_1_36' title="bbox 1098 3223 1894 3304">
     <span class='ocr_line' id='line_1_77' title="bbox 1098 3223 1894 3304; baseline 0 -24"><span class='ocrx_word' id='word_1_400' title='bbox 1098 3227 1100 3304; x_wconf 70' lang='lat' dir='ltr'>l</span> <span class='ocrx_word' id='word_1_401' title='bbox 1126 3242 1186 3281; x_wconf 91' lang='lat' dir='ltr'>cum</span> <span class='ocrx_word' id='word_1_402' title='bbox 1196 3231 1340 3293; x_wconf 84' lang='lat' dir='ltr'>venerunt,</span> <span class='ocrx_word' id='word_1_403' title='bbox 1352 3224 1489 3298; x_wconf 77' lang='lat' dir='ltr'>rogabant</span> <span class='ocrx_word' id='word_1_404' title='bbox 1498 3225 1777 3301; x_wconf 77' lang='lat' dir='ltr'>negotiisvecuorum</span> <span class='ocrx_word' id='word_1_405' title='bbox 1786 3223 1894 3282; x_wconf 89' lang='lat' dir='ltr'>urbem.</span> 
     </span>
    </p>
   </div>
   <div class='ocr_carea' id='block_1_24' title="bbox 1127 3311 1901 3912">
    <p class='ocr_par' dir='ltr' id='par_1_37' title="bbox 1127 3311 1897 3564">
     <span class='ocr_line' id='line_1_78' title="bbox 1127 3311 1897 3388; baseline -0.003 -16"><span class='ocrx_word' id='word_1_406' title='bbox 1127 3311 1517 3386; x_wconf 80' lang='lat' dir='ltr'>Unuseduobuesenibusqui</span> <span class='ocrx_word' id='word_1_407' title='bbox 1527 3313 1724 3388; x_wconf 77' lang='lat' dir='ltr'>Upupeeimul</span> <span class='ocrx_word' id='word_1_408' title='bbox 1733 3312 1897 3373; x_wconf 86' lang='lat' dir='ltr'>adstutcum</span> 
     </span>
     <span class='ocr_line' id='line_1_79' title="bbox 1128 3400 1897 3477; baseline -0.001 -18"><span class='ocrx_word' id='word_1_409' title='bbox 1128 3401 1248 3471; x_wconf 87' lang='lat' dir='ltr'>alitibus,</span> <span class='ocrx_word' id='word_1_410' title='bbox 1261 3400 1342 3458; x_wconf 87' lang='lat' dir='ltr'>docet</span> <span class='ocrx_word' id='word_1_411' title='bbox 1356 3400 1421 3475; x_wconf 87' lang='lat' dir='ltr'>quid</span> <span class='ocrx_word' id='word_1_412' title='bbox 1436 3400 1527 3476; x_wconf 87' lang='lat' dir='ltr'>possit</span> <span class='ocrx_word' id='word_1_413' title='bbox 1540 3401 1631 3459; x_wconf 84' lang='lat' dir='ltr'>auium</span> <span class='ocrx_word' id='word_1_414' title='bbox 1645 3419 1744 3476; x_wconf 74' lang='lat' dir='ltr'>genus,</span> <span class='ocrx_word' id='word_1_415' title='bbox 1760 3402 1897 3477; x_wconf 87' lang='lat' dir='ltr'>[pluribus</span> 
     </span>
     <span class='ocr_line' id='line_1_80' title="bbox 1128 3488 1631 3564; baseline -0.002 -16"><span class='ocrx_word' id='word_1_416' title='bbox 1128 3495 1157 3548; x_wconf 89' lang='lat' dir='ltr'>et</span> <span class='ocrx_word' id='word_1_417' title='bbox 1170 3489 1316 3564; x_wconf 89' lang='lat' dir='ltr'>quomodo,</span> <span class='ocrx_word' id='word_1_418' title='bbox 1333 3489 1356 3546; x_wconf 90' lang='lat' dir='ltr'>si</span> <span class='ocrx_word' id='word_1_419' title='bbox 1370 3505 1421 3564; x_wconf 85' lang='lat' dir='ltr'>per</span> <span class='ocrx_word' id='word_1_420' title='bbox 1435 3488 1553 3547; x_wconf 87' lang='lat' dir='ltr'>medium</span> <span class='ocrx_word' id='word_1_421' title='bbox 1565 3507 1631 3548; x_wconf 89' lang='lat' dir='ltr'>aera</span> 
     </span>
    </p>

    <p class='ocr_par' dir='ltr' id='par_1_38' title="bbox 1128 3574 1585 3642">
     <span class='ocr_line' id='line_1_81' title="bbox 1128 3574 1585 3642; baseline 0 -8"><span class='ocrx_word' id='word_1_422' title='bbox 1128 3577 1224 3634; x_wconf 87' lang='lat' dir='ltr'>urbem</span> <span class='ocrx_word' id='word_1_423' title='bbox 1237 3574 1397 3642; x_wconf 85' lang='lat' dir='ltr'>conderent,</span> <span class='ocrx_word' id='word_1_424' title='bbox 1412 3576 1525 3632; x_wconf 89' lang='lat' dir='ltr'>deorum</span> <span class='ocrx_word' id='word_1_425' title='bbox 1539 3592 1585 3634; x_wconf 90' lang='lat' dir='ltr'>ras</span> 
     </span>
    </p>

    <p class='ocr_par' dir='ltr' id='par_1_39' title="bbox 1129 3662 1742 3738">
     <span class='ocr_line' id='line_1_82' title="bbox 1129 3662 1742 3738; baseline -0.002 -17"><span class='ocrx_word' id='word_1_426' title='bbox 1129 3663 1182 3738; x_wconf 90' lang='lat' dir='ltr'>ipsi</span> <span class='ocrx_word' id='word_1_427' title='bbox 1195 3662 1364 3738; x_wconf 81' lang='lat' dir='ltr'>exciperent3</span> <span class='ocrx_word' id='word_1_428' title='bbox 1378 3681 1413 3720; x_wconf 89' lang='lat' dir='ltr'>ex</span> <span class='ocrx_word' id='word_1_429' title='bbox 1426 3662 1518 3736; x_wconf 86' lang='lat' dir='ltr'>aliquo</span> <span class='ocrx_word' id='word_1_430' title='bbox 1530 3668 1623 3721; x_wconf 86' lang='lat' dir='ltr'>autem</span> <span class='ocrx_word' id='word_1_431' title='bbox 1635 3679 1742 3720; x_wconf 80' lang='lat' dir='ltr'>ueneno</span> 
     </span>
    </p>

    <p class='ocr_par' dir='ltr' id='par_1_40' title="bbox 1130 3749 1695 3824">
     <span class='ocr_line' id='line_1_83' title="bbox 1130 3749 1695 3824; baseline -0.004 -16"><span class='ocrx_word' id='word_1_432' title='bbox 1130 3750 1187 3808; x_wconf 87' lang='lat' dir='ltr'>alas</span> <span class='ocrx_word' id='word_1_433' title='bbox 1203 3749 1341 3807; x_wconf 81' lang='lat' dir='ltr'>iaciebant</span> <span class='ocrx_word' id='word_1_434' title='bbox 1355 3766 1362 3805; x_wconf 91' lang='lat'>:</span> <span class='ocrx_word' id='word_1_435' title='bbox 1378 3766 1632 3824; x_wconf 74' lang='lat' dir='ltr'>equum-censuere</span> <span class='ocrx_word' id='word_1_436' title='bbox 1646 3749 1695 3819; x_wconf 91' lang='lat' dir='ltr'>dii,</span> 
     </span>
    </p>

    <p class='ocr_par' dir='ltr' id='par_1_41' title="bbox 1130 3835 1901 3912">
     <span class='ocr_line' id='line_1_84' title="bbox 1130 3835 1901 3912; baseline -0.004 -16"><span class='ocrx_word' id='word_1_437' title='bbox 1130 3855 1192 3896; x_wconf 88' lang='lat' dir='ltr'>cum</span> <span class='ocrx_word' id='word_1_438' title='bbox 1206 3836 1625 3895; x_wconf 75' lang='lat' dir='ltr'>nouarum-rerummolitionem</span> <span class='ocrx_word' id='word_1_439' title='bbox 1643 3854 1700 3894; x_wconf 89' lang='lat' dir='ltr'>non</span> <span class='ocrx_word' id='word_1_440' title='bbox 1716 3853 1831 3912; x_wconf 71' lang='lat' dir='ltr'>paruam</span> <span class='ocrx_word' id='word_1_441' title='bbox 1845 3835 1901 3893; x_wconf 84' lang='lat' dir='ltr'>lac·</span> 
     </span>
    </p>
   </div>
   <div class='ocr_carea' id='block_1_25' title="bbox 1410 3925 1898 4046">
    <p class='ocr_par' dir='ltr' id='par_1_42' title="bbox 1410 3925 1898 4046">
     <span class='ocr_line' id='line_1_85' title="bbox 1410 3925 1898 4046; baseline -0.008 -61"><span class='ocrx_word' id='word_1_442' title='bbox 1410 3991 1445 4046; x_wconf 61' lang='lat'>9⁰</span> <span class='ocrx_word' id='word_1_443' title='bbox 1474 3997 1612 4042; x_wconf 58' lang='lat' dir='ltr'>mm</span> <span class='ocrx_word' id='word_1_444' title='bbox 1678 3925 1898 3996; x_wconf 75' lang='lat' dir='ltr'>‚ltumvidareut</span> 
     </span>
    </p>
   </div>
   <div class='ocr_carea' id='block_1_26' title="bbox 1132 4121 1901 4991">
    <p class='ocr_par' dir='ltr' id='par_1_43' title="bbox 1132 4121 1901 4285">
     <span class='ocr_line' id='line_1_86' title="bbox 1132 4121 1901 4198; baseline -0.004 -18"><span class='ocrx_word' id='word_1_445' title='bbox 1132 4121 1277 4180; x_wconf 85' lang='lat' dir='ltr'>ludicandi</span> <span class='ocrx_word' id='word_1_446' title='bbox 1287 4127 1538 4196; x_wconf 86' lang='lat' dir='ltr'>amantempatrem</span> <span class='ocrx_word' id='word_1_447' title='bbox 1548 4121 1621 4180; x_wconf 81' lang='lat' dir='ltr'>illius</span> <span class='ocrx_word' id='word_1_448' title='bbox 1630 4122 1765 4180; x_wconf 86' lang='lat' dir='ltr'>inclusum</span> <span class='ocrx_word' id='word_1_449' title='bbox 1773 4121 1901 4198; x_wconf 88' lang='lat' dir='ltr'>protinus</span> 
     </span>
     <span class='ocr_line' id='line_1_87' title="bbox 1132 4208 1772 4285; baseline 0.003 -19"><span class='ocrx_word' id='word_1_450' title='bbox 1132 4211 1194 4285; x_wconf 84' lang='lat' dir='ltr'>ipso</span> <span class='ocrx_word' id='word_1_451' title='bbox 1209 4208 1384 4267; x_wconf 75' lang='lat' dir='ltr'>custodiebat</span> <span class='ocrx_word' id='word_1_452' title='bbox 1394 4209 1468 4266; x_wconf 87' lang='lat' dir='ltr'>intus</span> <span class='ocrx_word' id='word_1_453' title='bbox 1478 4209 1588 4284; x_wconf 87' lang='lat' dir='ltr'>quidem</span> <span class='ocrx_word' id='word_1_454' title='bbox 1601 4209 1772 4269; x_wconf 83' lang='lat' dir='ltr'>habitantem</span> 
     </span>
    </p>

    <p class='ocr_par' dir='ltr' id='par_1_44' title="bbox 1132 4297 1897 4460">
     <span class='ocr_line' id='line_1_88' title="bbox 1132 4297 1897 4375; baseline -0.001 -20"><span class='ocrx_word' id='word_1_455' title='bbox 1132 4316 1168 4355; x_wconf 90' lang='lat' dir='ltr'>na</span> <span class='ocrx_word' id='word_1_456' title='bbox 1181 4297 1443 4367; x_wconf 70' lang='lat' dir='ltr'>estrumentum</span> <span class='ocrx_word' id='word_1_457' title='bbox 1455 4297 1552 4368; x_wconf 84' lang='lat' dir='ltr'>exiret,</span> <span class='ocrx_word' id='word_1_458' title='bbox 1564 4305 1678 4375; x_wconf 88' lang='lat' dir='ltr'>propter</span> <span class='ocrx_word' id='word_1_459' title='bbox 1690 4301 1751 4372; x_wconf 72' lang='lat' dir='ltr'>ejus</span> <span class='ocrx_word' id='word_1_460' title='bbox 1762 4299 1897 4356; x_wconf 87' lang='lat' dir='ltr'>morbum.</span> 
     </span>
     <span class='ocr_line' id='line_1_89' title="bbox 1134 4384 1746 4460; baseline 0 -16"><span class='ocrx_word' id='word_1_461' title='bbox 1134 4387 1181 4444; x_wconf 86' lang='lat' dir='ltr'>llle</span> <span class='ocrx_word' id='word_1_462' title='bbox 1195 4389 1287 4444; x_wconf 82' lang='lat' dir='ltr'>autem</span> <span class='ocrx_word' id='word_1_463' title='bbox 1300 4392 1438 4460; x_wconf 76' lang='lat' dir='ltr'>repugnat</span> <span class='ocrx_word' id='word_1_464' title='bbox 1451 4384 1525 4443; x_wconf 88' lang='lat' dir='ltr'>omui</span> <span class='ocrx_word' id='word_1_465' title='bbox 1538 4386 1621 4444; x_wconf 91' lang='lat' dir='ltr'>modo</span> <span class='ocrx_word' id='word_1_466' title='bbox 1635 4393 1664 4444; x_wconf 89' lang='lat' dir='ltr'>et</span> <span class='ocrx_word' id='word_1_467' title='bbox 1676 4393 1746 4444; x_wconf 85' lang='lat' dir='ltr'>erte.</span> 
     </span>
    </p>

    <p class='ocr_par' dir='ltr' id='par_1_45' title="bbox 1134 4473 1587 4544">
     <span class='ocr_line' id='line_1_90' title="bbox 1134 4473 1587 4544; baseline -0.004 -12"><span class='ocrx_word' id='word_1_468' title='bbox 1134 4475 1200 4532; x_wconf 88' lang='lat' dir='ltr'>lude</span> <span class='ocrx_word' id='word_1_469' title='bbox 1214 4473 1360 4531; x_wconf 84' lang='lat' dir='ltr'>familiares</span> <span class='ocrx_word' id='word_1_470' title='bbox 1375 4481 1403 4531; x_wconf 92' lang='lat' dir='ltr'>et</span> <span class='ocrx_word' id='word_1_471' title='bbox 1415 4491 1506 4544; x_wconf 89' lang='lat' dir='ltr'>senes,</span> <span class='ocrx_word' id='word_1_472' title='bbox 1520 4473 1587 4531; x_wconf 90' lang='lat' dir='ltr'>dicti</span> 
     </span>
    </p>

    <p class='ocr_par' dir='ltr' id='par_1_46' title="bbox 1133 4561 1663 4640">
     <span class='ocr_line' id='line_1_91' title="bbox 1133 4561 1663 4640; baseline -0.004 -18"><span class='ocrx_word' id='word_1_473' title='bbox 1133 4580 1235 4640; x_wconf 80' lang='lat' dir='ltr'>vespe,</span> <span class='ocrx_word' id='word_1_474' title='bbox 1249 4562 1351 4620; x_wconf 66' lang='lat' dir='ltr'>meunt</span> <span class='ocrx_word' id='word_1_475' title='bbox 1363 4562 1472 4620; x_wconf 85' lang='lat' dir='ltr'>fortiter</span> <span class='ocrx_word' id='word_1_476' title='bbox 1485 4561 1663 4633; x_wconf 77' lang='lat' dir='ltr'>auxiliantes,</span> 
     </span>
    </p>

    <p class='ocr_par' dir='ltr' id='par_1_47' title="bbox 1134 4651 1785 4729">
     <span class='ocr_line' id='line_1_92' title="bbox 1134 4651 1785 4729; baseline -0.003 -19"><span class='ocrx_word' id='word_1_477' title='bbox 1134 4652 1200 4729; x_wconf 89' lang='lat' dir='ltr'>quia</span> <span class='ocrx_word' id='word_1_478' title='bbox 1213 4658 1331 4727; x_wconf 85' lang='lat' dir='ltr'>possunt</span> <span class='ocrx_word' id='word_1_479' title='bbox 1345 4651 1479 4726; x_wconf 85' lang='lat' dir='ltr'>spiculum</span> <span class='ocrx_word' id='word_1_480' title='bbox 1490 4651 1599 4710; x_wconf 88' lang='lat' dir='ltr'>mittere</span> <span class='ocrx_word' id='word_1_481' title='bbox 1610 4651 1639 4709; x_wconf 92' lang='lat' dir='ltr'>in</span> <span class='ocrx_word' id='word_1_482' title='bbox 1651 4651 1785 4727; x_wconf 89' lang='lat' dir='ltr'>quosdum</span> 
     </span>
    </p>

    <p class='ocr_par' dir='ltr' id='par_1_48' title="bbox 1135 4737 1887 4900">
     <span class='ocr_line' id='line_1_93' title="bbox 1135 4737 1887 4798; baseline -0.003 -2"><span class='ocrx_word' id='word_1_483' title='bbox 1135 4740 1182 4798; x_wconf 94' lang='lat' dir='ltr'>ubi</span> <span class='ocrx_word' id='word_1_484' title='bbox 1194 4739 1353 4796; x_wconf 85' lang='lat' dir='ltr'>existimant</span> <span class='ocrx_word' id='word_1_485' title='bbox 1366 4738 1504 4796; x_wconf 87' lang='lat' dir='ltr'>idoneum.</span> <span class='ocrx_word' id='word_1_486' title='bbox 1519 4739 1610 4797; x_wconf 85' lang='lat' dir='ltr'>Senex</span> <span class='ocrx_word' id='word_1_487' title='bbox 1625 4747 1716 4796; x_wconf 87' lang='lat' dir='ltr'>autem</span> <span class='ocrx_word' id='word_1_488' title='bbox 1730 4737 1887 4797; x_wconf 88' lang='lat' dir='ltr'>custoditus</span> 
     </span>
     <span class='ocr_line' id='line_1_94' title="bbox 1135 4825 1733 4900; baseline 0 -16"><span class='ocrx_word' id='word_1_489' title='bbox 1135 4845 1168 4884; x_wconf 91' lang='lat' dir='ltr'>eo</span> <span class='ocrx_word' id='word_1_490' title='bbox 1179 4826 1318 4884; x_wconf 88' lang='lat' dir='ltr'>inducitur</span> <span class='ocrx_word' id='word_1_491' title='bbox 1331 4833 1361 4884; x_wconf 94' lang='lat' dir='ltr'>ut</span> <span class='ocrx_word' id='word_1_492' title='bbox 1374 4826 1449 4883; x_wconf 88' lang='lat' dir='ltr'>intus</span> <span class='ocrx_word' id='word_1_493' title='bbox 1460 4825 1591 4900; x_wconf 86' lang='lat' dir='ltr'>dijudicet</span> <span class='ocrx_word' id='word_1_494' title='bbox 1605 4834 1634 4885; x_wconf 90' lang='lat' dir='ltr'>et</span> <span class='ocrx_word' id='word_1_495' title='bbox 1646 4826 1733 4894; x_wconf 77' lang='lat' dir='ltr'>vivat,</span> 
     </span>
    </p>

    <p class='ocr_par' dir='ltr' id='par_1_49' title="bbox 1136 4913 1761 4991">
     <span class='ocr_line' id='line_1_95' title="bbox 1136 4913 1761 4991; baseline 0.002 -19"><span class='ocrx_word' id='word_1_496' title='bbox 1136 4915 1238 4991; x_wconf 87' lang='lat' dir='ltr'>quippe</span> <span class='ocrx_word' id='word_1_497' title='bbox 1250 4914 1296 4990; x_wconf 89' lang='lat' dir='ltr'>qui</span> <span class='ocrx_word' id='word_1_498' title='bbox 1306 4914 1432 4989; x_wconf 87' lang='lat' dir='ltr'>judicare</span> <span class='ocrx_word' id='word_1_499' title='bbox 1446 4913 1568 4971; x_wconf 84' lang='lat' dir='ltr'>decreuit</span> <span class='ocrx_word' id='word_1_500' title='bbox 1581 4914 1761 4973; x_wconf 87' lang='lat' dir='ltr'>omnimodo.</span> 
     </span>
    </p>
   </div>
   <div class='ocr_carea' id='block_1_27' title="bbox 1401 5057 1638 5116">
    <p class='ocr_par' dir='ltr' id='par_1_50' title="bbox 1401 5057 1638 5116">
     <span class='ocr_line' id='line_1_96' title="bbox 1401 5057 1638 5116; baseline 0.008 -3"><span class='ocrx_word' id='word_1_501' title='bbox 1401 5061 1447 5115; x_wconf 82' lang='lat' dir='ltr'>ut.</span> <span class='ocrx_word' id='word_1_502' title='bbox 1460 5057 1638 5116; x_wconf 81' lang='lat' dir='ltr'><strong>ANONYMI.</strong></span> 
     </span>
    </p>
   </div>
   <div class='ocr_carea' id='block_1_28' title="bbox 1137 5192 1669 5269">
    <p class='ocr_par' dir='ltr' id='par_1_51' title="bbox 1137 5192 1669 5269">
     <span class='ocr_line' id='line_1_97' title="bbox 1137 5192 1669 5269; baseline -0.002 -19"><span class='ocrx_word' id='word_1_503' title='bbox 1137 5193 1258 5269; x_wconf 79' lang='lat' dir='ltr'>Chrysas</span> <span class='ocrx_word' id='word_1_504' title='bbox 1271 5192 1397 5250; x_wconf 78' lang='lat' dir='ltr'>llinervae</span> <span class='ocrx_word' id='word_1_505' title='bbox 1410 5209 1485 5248; x_wconf 85' lang='lat' dir='ltr'>uram</span> <span class='ocrx_word' id='word_1_506' title='bbox 1499 5200 1669 5266; x_wconf 81' lang='lat' dir='ltr'>congestam,</span> 
     </span>
    </p>
   </div>
   <div class='ocr_carea' id='block_1_29' title="bbox 0 0 2103 6036">
    <p class='ocr_par' dir='ltr' id='par_1_52' title="bbox 0 0 2103 6036">
     <span class='ocr_line' id='line_1_98' title="bbox 0 0 2103 6036; baseline 0 0"><span class='ocrx_word' id='word_1_507' title='bbox 0 0 2103 6036; x_wconf 95' lang='lat' dir='ltr'> </span> 
     </span>
    </p>
   </div>
  </div>
 </body>
</html>
