4008 6030
651 445 688 502 IN
711 445 837 505 CAPU'I'
859 446 912 504 VII
933 448 1164 511 ANNO'IATIO.

152 574 196 632 XI,
222 577 245 622 6.
274 575 369 622 Athen.
392 575 421 628 X,
442 589 467 638 p.
491 575 548 633 116,
570 575 602 622 D.
622 589 628 623 ς
649 576 689 623 καὶ
705 576 793 630 ’Ἄλεξις
814 575 834 623 δ’
854 575 879 622 ie

121 641 219 702 Ὕπνῳ
235 641 362 694 τοιούτους
379 641 479 704 γρίφους
490 639 626 704 epotetur·
641 642 677 690 Ού
693 642 777 698 θνητός
789 644 841 689 κτλ.
855 649 881 690 et

120 704 211 754 deinde
226 704 264 753 eic
277 703 391 768 aenigma
404 705 481 754 solvit
497 721 502 753 ι

168 829 197 874 Β.
220 825 265 872 ’Asi
280 823 310 872 σύ
324 825 423 887 χαίρεις,
439 819 459 872 ὧ
473 825 553 886 γύναι,
570 825 594 882 μ’
609 825 755 886 αἰνίγμασιν.

166 896 198 940 A.
216 891 266 940 rtet
280 891 326 951 μήν
340 891 403 938 teta
417 906 445 950 γε
458 891 499 938 οιαὶ
514 892 579 951 ταφή
591 891 653 951 λέγω
669 892 762 952 μαθεῖν.

169 960 197 1004 Ii.
216 955 258 1008 Τίς
270 947 312 1005 σύν
326 955 448 1012 τοσαύτην
462 956 518 1011 παῖς
531 955 592 1019 ἔχων
608 957 676 1005 ἔσται
688 957 774 1018 φύσιν;

168 1027 200 1071 A.
215 1021 316 1076 Ὕπνος,
330 1023 458 1084 βροτείων,
475 1016 579 1086 ώκόρη,
591 1024 703 1082 παυστήρ
718 1023 809 1072 πόνων.

120 1161 132 1186 e
146 1141 232 1188 Anum
244 1138 285 1187 hlc
301 1138 425 1186 habemus
438 1137 551 1201 aenigma
564 1138 596 1186 de
615 1154 705 1189 somno
717 1139 811 1204 puellae
826 1155 881 1203 pro-

120 1213 267 1270 ponentem.
282 1222 293 1246 ν
311 1205 338 1251 θ’.
352 1205 385 1252 tt.

152 1345 210 1399 XII,
222 1347 247 1392 ’1,
264 1344 358 1392 Athen.
369 1344 400 1402 X,
412 1359 437 1406 p.
446 1343 501 1400 151,
512 1343 549 1390 F:
563 1344 733 1402 &subsanandi
743 1345 880 1401 τδνΦαση-

113 1411 184 1468 ’λίτην
205 1409 276 1471 φησὶν
299 1413 440 1472 *Ἕρμιππος
458 1408 482 1456 Is
502 1410 552 1462 τοῖς
573 1411 631 1474 Περὶ
648 1412 697 1457 τών
722 1412 882 1474 Ἰσοκράτους

120 1477 233 1538 μαθητῶν
244 1477 395 1523 ἱκανώτατον
408 1473 533 1536 γεγονέναι
544 1475 653 1538 ἀνευρεῖν
664 1476 706 1522 τόν
716 1477 881 1540 προδληθέντα

118 1544 214 1604 γρῖφον,
229 1541 270 1589 καί
287 1539 360 1588 αὐτὸν
377 1539 505 1602 προόαλεῑν
520 1541 611 1606 ίτίροις
630 1541 759 1596 ἐπιδεξίως·
776 1535 827 1591 οῖον
839 1543 881 1592 τὸν

118 1609 230 1670 περὶτῆς
246 1612 325 1659 σκιᾶς.
344 1607 409 1668 ’Ἔφη
429 1607 475 1668 γὰρ
496 1597 556 1654 εἷναί
575 1622 628 1656 τινα
646 1606 715 1667 φύσιν
732 1605 747 1666 ἦ
765 1609 822 1671 περί
838 1609 881 1664 τήν

118 1677 209 1734 γίνισιν
224 1673 265 1721 καί
280 1673 357 1734 φθίσιν
371 1670 423 1719 ἐστὶ
440 1671 550 1732 μεγίστη,
565 1673 620 1736 περὶ
633 1673 658 1719 Ji
674 1675 718 1730 τήν
732 1672 813 1736 ἀκμήν
827 1673 880 1722 ἐλα-

118 1741 199 1804 χίστη.
223 1739 296 1800 lli-pt
320 1738 345 1786 δε
369 1735 456 1791 οὕτως·
485 1737 526 1790 Τίς
552 1737 623 1799 φύσις
650 1741 702 1786 κτλ.
726 1765 756 1774 -
785 1739 831 1787 Vs.
855 1742 878 1786 1.

119 1805 197 1868 Vulg.
209 1803 260 1861 Τῆς
272 1803 368 1865 φύσεως
383 1803 439 1860 bes,
452 1800 497 1848 sed
511 1815 598 1851 veram
610 1803 748 1851 lectionem
764 1803 879 1852 indicare

120 1871 220 1920 ridetur
231 1868 288 1933 ipse
299 1868 441 1917 Athenaeus
457 1867 496 1914 liis
513 1867 599 1917 verbis
613 1883 619 1917 :
634 1863 694 1918 ιίναί
709 1887 762 1917 τινα
776 1869 878 1932 φύσιν...

119 1936 177 1986 066
192 1933 308 1984 restituit
328 1935 447 1990 Persou,
467 1933 534 1996 quod
557 1933 584 1982 in
606 1933 711 1998 optimis
732 1935 806 1984 codd.
830 1943 878 1983 est.

121 2023 134 2047 ο
150 2000 224 2051 Nihil
243 2014 300 2049 esse
317 1999 343 2047 in
359 2014 445 2048 rerum
460 2007 553 2048 natura
567 2000 612 2058 ait,
628 2015 675 2048 nec
690 1999 716 2048 in
731 2000 879 2050 mortalium

120 2082 223 2131 genere,
238 2066 306 2130 quod
317 2063 396 2113 simili
408 2065 485 2113 modo
496 2073 596 2114 crescat
609 2073 635 2114 et
646 2073 781 2130 augeatur.
792 2069 832 2116 Ἐν
842 2083 881 2128 γε-

118 2135 184 2182 νέσει
200 2129 364 2181 referendum
384 2131 416 2180 ad
437 2129 500 2179 solis
517 2138 611 2186 ortum,
632 2131 675 2195 qui
695 2147 752 2180 curn
771 2130 879 2180 meridie

118 2213 247 2248 summam
261 2196 318 2246 caeli
332 2197 420 2259 attigit
432 2211 529 2252 arcem,
540 2198 632 2246 umbra
645 2205 684 2246 eet
695 2197 812 2252 minima,
827 2211 880 2246 ves-

119 2263 175 2329 peri
189 2271 276 2313 autcm
291 2263 374 2312 denuo
387 2262 490 2311 crescit.
507 2282 518 2305 n
533 2263 588 2312 Juc.

151 2405 220 2461 XIII,
232 2404 256 2452 8.
269 2404 365 2452 Athen.
379 2403 412 2462 X,
427 2403 474 2450 156
486 2406 514 2451 Ε.
528 2402 558 2453 Ρ.
573 2403 694 2458 Πεποίηνιε
703 2403 728 2451 δὲ
742 2405 783 2452 καὶ
797 2405 879 2467 ἕτερον

118 2475 260 2536 ἐπίγραμμα
287 2469 428 2530 Σιμωνίδης,
460 2464 594 2534 θιταρέχει
623 2469 673 2523 τοῖς
702 2471 810 2534 ἀπείροις
838 2474 880 2527 τῆς

117 2536 226 2600 ἱστορίας
244 2535 354 2601 ἀπορίαν·
373 2533 440 2597 Φημί
464 2534 505 2584 τόν
526 2535 603 2584 οὐκ...
622 2534 734 2583 Brunck.
759 2535 835 2584 enat.
857 2537 877 2592 I,

120 2605 178 2662 116,
193 2602 299 2651 Jacobs.
315 2599 471 2649 Απίηιαιίυυ.
485 2607 504 2648 t.
518 2601 539 2656 1,
555 2601 586 2649 P.
602 2601 622 2658 1,
641 2616 667 2664 p.
681 2601 728 2649 268
746 2617 752 2649 ε
769 2623 781 2646 ο
799 2601 878 2651 Disti-

119 2671 186 2718 chon
201 2669 252 2716 boc
269 2663 462 2730 aenigmaticum
476 2664 513 2714 ita
530 2665 715 2730 interpretatur
728 2666 878 2724 Athenaeus,

117 2743 146 2784 ut
158 2736 268 2795 τέττιγος
280 2733 364 2786 delle:
373 2728 407 2780 sit
416 2739 508 2780 cantus
520 2739 661 2788 certamen,
673 2733 706 2782 ad
719 2733 786 2796 quod
798 2733 880 2782 Siino-

118 2800 191 2850 uides
215 2799 357 2862 discipulos
381 2798 549 2846 convocabat.
575 2797 624 2855 Qui
647 2813 737 2846 eorum
760 2798 879 2849 condicta

118 2867 183 2916 hora
202 2881 255 2914 non
273 2865 403 2920 adessent,
422 2861 505 2920 acino,
522 2879 571 2928 quo
590 2863 717 2927 magister
734 2865 766 2912 ad
784 2879 878 2928 aquam

117 2931 293 2981 advehendum
318 2929 453 2986 utebatur,
482 2928 662 2978 semimodium
689 2928 780 2978 hordei
807 2931 879 2994 (μέγα

117 2999 223 3062 δεῖπνον)
246 2997 308 3046 dare
329 2994 495 3058 jubebantur.
519 2993 629 3044 Asinum
652 3010 713 3045 vero
736 2997 878 3046 Athenaeus

97 3074 102 3084 ¹
115 3063 216 3126 judicat
229 3063 330 3128 Epsum
343 3059 441 3119 vocari,
457 3061 524 3124 quod
539 3061 635 3125 Epeus,
651 3062 792 3110 secundum
805 3063 877 3112 Iabu-

117 3127 201 3178 larum
213 3127 389 3182 traditionem,
406 3126 505 3174 Atridis
522 3141 616 3190 nquam
637 3127 785 3191 praebuerit,
802 3127 878 3192 idque

118 3195 255 3243 facientem
267 3209 324 3242 eum
337 3191 363 3240 in
378 3192 466 3240 tabula
480 3193 548 3256 picta
560 3192 684 3256 conspici.
697 3193 875 3252 λίανοπηῑίόης,

118 3261 212 3324 Epeus,
235 3258 349 3322 Panopei
369 3257 436 3305 lilius
453 3273 496 3322 ap.
515 3259 620 3308 Homer.
639 3259 671 3308 11.
689 3265 716 3321 ψ,
733 3262 789 3308 665.
811 3281 821 3302 ο
834 3263 876 3308 1ο-

117 3326 183 3375 τσδσ,
198 3342 226 3374 ex
240 3326 335 3374 Athen.

149 3466 249 3522 xiva.
262 3465 357 3514 Athen.
371 3466 403 3522 X,
418 3480 439 3512 s.
453 3467 493 3516 753.
505 3481 529 3528 p.
540 3467 597 3512 151.
610 3465 646 3513 Ex
660 3465 750 3529 OEcttp.
766 3468 874 3530 tragoed.

115 3531 284 3662 {peqqliqqtpp
300 3529 360 3578 Vid.
375 3529 454 3578 etiam
470 3533 544 3595 Trup.
559 3547 598 3596 pr.
615 3531 719 3594 frupnt.
731 3532 810 3594 (Bibl.
826 3548 877 3596 gr.-

148 3739 206 3794 XV,
215 3741 254 3786 16.
268 3735 390 3787 Scholia
399 3736 467 3785 Plat.
478 3736 609 3800 Ilcmpuhl.
618 3737 697 3786 libl'.
709 3739 750 3792 22,
760 3753 784 3800 p.
794 3738 875 3786 1766.

117 3805 213 3852 ἔοικε...
230 3805 264 3866 τῷ
281 3805 329 3851 τῶν
342 3803 433 3852 παίδων
445 3804 566 3863 αἰνίγματι
580 3804 615 3866 τῷ
629 3805 684 3864 περὶ
701 3802 745 3850 τού
758 3804 875 3867 εύνούχον

116 3871 159 3928 τῆς
171 3871 242 3932 βσλής
255 3869 309 3931 περὶ
324 3869 367 3925 τῆς
379 3869 528 3932 νυκτερίδος,
542 3863 612 3934 ᾧκαί
622 3869 658 3926 te·
670 3861 698 3918 ού
713 3869 786 3916 αὐτὸν
800 3869 876 3928 αύτήν

1638 463 1691 520 581

934 577 1024 692 δρὶρρι.
1043 579 1162 630 Ceterum
1181 580 1218 631 eic
1232 583 1369 648 legebatur
1385 586 1412 635 iu
1429 587 1559 640 veteribus
1576 587 1694 642 Athenaei

934 658 948 690 e
967 659 975 690 1
1001 679 1007 692 .
1022 659 1028 692 ι

975 755 1015 802 Ἐν
1025 757 1121 821 φανερῷ
1134 757 1249 822 γενόμαν,
1260 761 1339 825 πάτρη
1353 764 1428 826 δόμοι
1443 767 1551 830 όλμυρδν
1563 767 1627 834 deep
1641 774 1694 820 κτλ.

967 885 1036 943 XIX,
1046 888 1084 934 11.
1098 887 1174 951 Diog.
1183 889 1268 940 Laert.
1279 891 1325 939 lib.
1334 893 1365 945 11.
1381 896 1424 942 lb:
1438 896 1475 944 De
1486 895 1600 947 Diodoro
1612 900 1696 948 Crono

934 949 1032 1000 mentio
1047 959 1116 1002 esta
1136 953 1169 1002 ud
1184 953 1305 1005 Strabon.
1321 959 1389 1018 XIV,
1405 972 1434 1018 u,
1451 963 1491 1018 21,
1507 962 1550 1010 ubi
1568 965 1598 1012 de
1614 965 1671 1012 Iaso
1687 981 1693 1012 :

943 1015 1067 1066 Ἐντεῦθεν
1079 1020 1105 1068 δθ
1117 968 1146 1080 Aa
1161 1023 1175 1094 δ
1187 1020 1336 1078 διαλεκτικός
1349 1025 1470 1090 Διόδωρος
1482 1029 1495 1076 ό
1507 1029 1600 1094 Κρόνος
1612 1037 1637 1078 et
1648 1031 1693 1079 lib.

934 1083 1016 1157 XVII,
1027 1097 1065 1142 111,
1079 1086 1118 1142 15,
1128 1086 1173 1134 ubi
1183 1085 1214 1134 dc
1225 1087 1333 1148 Cyrene,
1342 1089 1410 1138 unde
1420 1091 1543 1142 oriundus
1553 1103 1609 1142 erat
1617 1096 1696 1158 Apol-

935 1149 1020 1197 lomus
1028 1147 1275 1215 etipsecoguomine
1286 1153 1393 1214 Cronus,
1403 1156 1510 1206 Diodori
1518 1161 1695 1222 περίεισι-,66

935 1214 1017 1262 Clcm.
1032 1214 1174 1266 Alexandr.
1186 1219 1312 1268 stromat.
1325 1218 1372 1269 lib.
1385 1221 1430 1281 IV,
1440 1237 1495 1280 xix,
1508 1227 1563 1279 121,
1581 1226 1612 1274 A.
1628 1227 1694 1275 Gell.

935 1280 978 1338 XI,
992 1281 1032 1338 12,
1048 1287 1074 1330 et
1085 1281 1156 1331 Sext.
1168 1282 1306 1347 Empiric,
1317 1287 1425 1350 passim.
1441 1316 1470 1326 -
1482 1291 1527 1338 Vs.
1544 1293 1568 1339 6.
1583 1307 1629 1355 pro
1642 1292 1697 1347 ἔξω·

935 1347 973 1394 θεν
984 1344 1029 1394 τού
1042 1348 1086 1410 ῥῶ,
1097 1347 1171 1422 lippe
1188 1365 1211 1396 τ.
1219 1366 1244 1428 ρ.
1256 1349 1290 1398 Is.
1303 1350 1455 1402 Caeaubono
1466 1355 1595 1419 placebat,
1605 1373 1697 1421 appro

936 1411 1013 1459 hante
1025 1411 1156 1478 lIenagio.
1173 1417 1271 1478 λίρσνος
1284 1414 1340 1465 sine
1352 1418 1374 1466 P
1386 1427 1411 1467 et
1424 1420 1448 1468 K
1463 1429 1502 1469 est
1516 1423 1580 1478 ὄνος,
1596 1426 1695 1472 asinus.

935 1477 1009 1526 Unde
1022 1479 1136 1528 malebat
1148 1480 1286 1544 Menagius
1297 1479 1383 1546 legiin
1397 1484 1521 1549 Diogenis
1534 1495 1603 1536 textu
1615 1488 1694 1538 ibid:

935 1543 975 1591 καί
989 1544 1018 1601 δή
1033 1544 1075 1592 καί
1093 1546 1149 1599 δνος
1163 1545 1270 1606 ἥκουσιν
1290 1547 1315 1597 lu
1329 1551 1480 1612 σκώμματος
1495 1553 1577 1616 με’ρεις
1591 1553 1698 1618 subjicit

936 1615 1021 1656 tamen
1030 1623 1036 1656 :
1044 1609 1088 1658 sed
1101 1619 1127 1658 et
1139 1611 1234 1675 λίρὸνος
1244 1611 1297 1676 legi
1309 1621 1394 1678 potest
1407 1617 1467 1676 hoc,
1480 1625 1520 1666 est
1529 1620 1630 1682 fatuus,
1645 1624 1696 1668 sto·

934 1673 1012 1723 lidus.
1026 1675 1186 1726 scholiastes
1199 1675 1384 1741 Aristophanis
1403 1681 1436 1730 ad
1454 1683 1555 1746 Vespus,
1573 1700 1596 1733 τ.
1614 1687 1695 1734 1526ι

934 1740 1053 1804 Κρόνους·
1076 1737 1202 1817 ἀρχαίους.
1226 1745 1333 1808 μωροὺς,
1353 1749 1449 1809 λήρους,
1469 1751 1637 1804 ἀναισθήτους.
1658 1751 1695 1800 CI.

934 1804 1069 1882 Aristoph.
1091 1823 1185 1871 ipsum.
1207 1808 1276 1857 Νειδ.
1301 1811 1348 1859 926
1371 1827 1376 1858 :
1398 1814 1459 1878 (λύχὶ
1479 1815 1578 1871 διδάξεις
1598 1815 1696 1878 τούτου,

934 1887 1023 1934 κρονος
1036 1873 1069 1920 ών
1083 1881 1132 1922 etc.

966 2004 1023 2064 XX,
1039 2005 1078 2054 15.
1089 2004 1185 2053 Athen.
1196 2005 1228 2064 X,
1243 2022 1267 2070 p.
1283 2008 1339 2068 156,
1357 2008 1384 2067 C,
1396 2009 1511 2059 Brunck.
1523 2011 1599 2061 Anat.
1613 2013 1634 2071 1,
1650 2015 1696 2062 116

934 2067 985 2130 (ed.
999 2070 1070 2134 Lipe.
1085 2079 1102 2118 t.
1117 2070 1137 2128 1,
1172 2105 1178 2116 .
1194 2071 1235 2124 19.
1246 2073 1400 2125 Animndau.
1414 2075 1465 2124 rol.
1476 2077 1496 2130 1.
1509 2077 1539 2125 P.
1554 2078 1574 2132 1.
1587 2093 1612 2142 p.
1628 2079 1696 2142 261),

932 2134 1039 2186 Jacobs.
1053 2085 1171 2200 Append.
1189 2151 1215 2185 n.
1228 2137 1268 2186 81.
1282 2139 1377 2188 Athen.
1391 2141 1409 2189 l.
1426 2157 1449 2189 c.
1462 2156 1468 2189 :
1483 2143 1593 2205 Γριφώδη
1613 2145 1634 2192 δ’
1646 2144 1698 2194 lod

934 2201 975 2249 καὶ
989 2203 1108 2266 Σιμωνίδῃ
1127 2209 1205 2252 ταῦτα
1222 2208 1380 2266 πεποιημένα,
1398 2207 1431 2261 ὥς
1450 2224 1508 2270 φησι
1522 2211 1667 2271 Χαμαιλέων
1683 2213 1697 2259 ό

941 2265 1114 2334 Ἡρακλεώτης
1133 2267 1158 2316 ἐν
1178 2270 1213 2330 τῷ
1233 2271 1301 2334 περὶ
1322 2273 1500 2334 Σιμωνίδου·
1522 2275 1696 2338 Μιξονόμου,,.

937 2351 948 2376 ι
966 2333 1032 2382 Sunt
1048 2333 1091 2398 qui
1103 2333 1257 2397 inscriptum
1273 2336 1351 2386 luisse
1364 2337 1479 2388 reserent
1495 2340 1636 2404 antiquitus
1649 2341 1697 2389 boc

934 2398 1698 2468 Chalcideindenarioquodam,inquodelphinueethircus

934 2465 1059 2531 exsculpti
1080 2475 1162 2519 erant,
1175 2467 1206 2515 de
1222 2466 1315 2529 quibus
1329 2469 1397 2517 huuc
1410 2483 1467 2518 esse
1480 2485 1639 2520 sermonem:
1653 2471 1696 2520 alii

933 2541 1019 2580 autern
1035 2532 1061 2580 in
1078 2531 1194 2596 psalterii
1210 2533 1364 2583 vertibulum
1378 2534 1403 2582 in
1421 2534 1537 2598 delphini
1549 2537 1659 2586 sormam
1673 2547 1697 2586 et

934 2596 999 2647 hirci
1007 2597 1170 2647 elaboratum
1178 2597 1275 2649 dictum
1282 2600 1331 2648 boc
1344 2615 1400 2648 esee
1411 2607 1515 2664 putant;
1525 2610 1615 2652 etesse
1626 2602 1697 2652 bovis

934 2672 1104 2714 mactatorcm
1116 2671 1142 2712 et
1158 2665 1255 2714 Bacchi
1275 2665 1398 2714 famulum
1416 2666 1616 2728 dithyrambum.
1633 2668 1698 2718 Sunt

933 2731 1012 2780 ctiam
1035 2729 1080 2780 alii
1103 2729 1147 2794 qui
1166 2729 1252 2780 Julide
1271 2731 1361 2780 bovem
1380 2731 1484 2781 baccho
1499 2730 1660 2782 immolatum
1682 2749 1697 2783 a

933 2796 1044 2860 quodam
1059 2795 1224 2845 adolescente
1238 2797 1337 2860 percuti
1353 2797 1441 2846 dicant
1455 2799 1548 2856 securi,
1562 2806 1640 2864 atque
1652 2815 1697 2864 ap-

933 2862 1124 2926 propinquante
1139 2861 1203 2911 Icstc
1218 2863 1269 2918 die,
1284 2861 1309 2910 in
1325 2862 1427 2912 ferrarii
1440 2863 1571 2914 officinam
1585 2866 1697 2914 delatam

933 2943 990 2976 essa
1003 2927 1132 2978 securim:
1147 2927 1306 2977 Simonidem
1321 2927 1407 2992 igitur,
1423 2935 1522 2979 uteret
1536 2931 1621 2980 adhuc
1628 2931 1697 2995 juve·

933 2995 982 3049 nie,
1001 2995 1033 3043 ad
1054 2991 1154 3042 labrum
1174 2992 1261 3050 ivisse,
1280 3003 1309 3043 ut
1322 3009 1380 3044 eam
1394 2994 1456 3044 illuc
1470 2993 1559 3045 terret.
1575 2995 1696 3054 Quicum

932 3059 1059 3108 artitlcem
1074 3060 1245 3109 dormientem
1259 3059 1376 3120 vidisset,
1389 3067 1416 3110 et
1426 3067 1510 3110 utrem
1522 3060 1698 3128 sorcipamque

932 3125 987 3174 sine
1002 3125 1092 3174 ordina
1107 3125 1226 3189 jacentes
1246 3133 1272 3176 ct
1288 3126 1376 3190 priora
1387 3125 1502 3176 vicissim
1517 3136 1642 3189 tenentes,
1658 3144 1698 3178 su·

933 3191 1077 3255 pradictum
1093 3191 1237 3255 problema,
1251 3193 1354 3241 domum
1369 3207 1509 3252 reversum,
1526 3193 1698 3244 familiaribus

932 3256 985 3306 suis
1000 3257 1177 3321 proposuisse.
1191 3259 1276 3322 Atque
1289 3265 1389 3322 patrem
1402 3257 1471 3308 baedi
1484 3267 1568 3308 utrem
1583 3275 1640 3309 esse
1655 3275 1697 3310 as·

931 3331 1030 3376 serunt,
1045 3321 1168 3371 miserum
1185 3323 1281 3386 piscem
1294 3338 1351 3372 ease
1363 3323 1497 3387 forcipem,
1508 3323 1593 3374 noctis
1607 3325 1696 3384 fllium,

932 3389 1142 3444 comsanensis
1155 3397 1324 3438 mactatorem
1337 3399 1363 3438 et
1375 3389 1471 3438 Bacchi
1483 3390 1616 3448 famulum,
1628 3406 1698 3440 secu-

932 3455 990 3502 rIm.
1005 3474 1017 3496 ν
1031 3454 1122 3503 Athea.

964 3587 1032 3642 XXI,
1042 3587 1080 3634 16.
1090 3585 1228 3634 ΕτΕιιοείι.
1236 3587 1316 3649 Praep.
1324 3585 1469 3649 Ecaupxt.
1479 3588 1502 3644 6,
1510 3586 1562 3634 adJ
1565 3587 1695 3636 adanorum

932 3653 1007 3702 deum
1018 3653 1066 3700 hoc
1076 3650 1159 3715 epigr.
1176 3652 1303 3700 referente
1318 3667 1323 3699 :
1340 3651 1438 3715 primus
1450 3650 1514 3700 vidit
1524 3651 1555 3700 de
1570 3652 1697 3716 Serapide

931 3717 973 3782 agi
988 3719 1043 3766 Jos.
1060 3717 1187 3780 Scaliger.
1207 3718 1233 3766 in
1255 3716 1346 3766 seret.
1364 3718 1484 3768 carente.
1505 3718 1648 3767 Commeat.
1664 3719 1695 3767 ad

931 3799 991 3833 ann.
1019 3783 1092 3840 1736,
1118 3782 1240 3844 Ηοεγολιίί
1263 3782 1417 3832 auctoritate
1440 3782 1530 3838 fretus,
1556 3798 1593 3833 rs.
1618 3784 1697 3832 ‘aerea

930 3851 1083 3913 γράμματον,
1098 3847 1139 3897 cui
1159 3847 1315 3911 subjicitur:
1331 3848 1359 3896 τό
1376 3849 1472 3938 δργίλον
1485 3849 1527 3897 καί
1540 3851 1647 3910 σκληρὸν
1658 3849 1698 3897 καί

117 3935 261 3983 αἰνίττονται
283 3933 375 3998 βαλεῖν.
398 3959 431 3970 -
450 3934 571 3998 Append.
598 3933 714 3999 Lipsinn.
741 3935 873 3983 Lemma:
902 3948 905 3986 t
932 3916 1048 3996 Σᾴθαπίξ
1063 3913 1208 3994 9161113111
1222 3915 1296 3998 PII}-
1312 3915 1371 3991 111111
1401 3915 1583 3995 [illud-lust
1606 3915 1699 3964 'Ml'

116 3999 237 4066 Εύνοόγσς
246 4000 351 4064 ατραὸός
363 3997 397 4048 ιδν
409 4002 537 4063 νυκτερίδα
551 4000 589 4048 inl
602 4003 722 4064 νάρθηκος
740 4003 876 4061 saepem,
902 3987 906 4034 l
930 3998 1014 4042 γνπτον
1029 3997 1054 4029 σε
1068 3997 1108 4028 και
1123 3997 1180 4034 τους
1193 3983 1262 4033 θεους
1277 3997 1383 4042 υμνουσι
1399 3981 1437 4030 δια
1452 3998 1500 4028 των
1514 3980 1575 4028 ἑπτα
1590 3997 1697 4042 φωνηεν-

717 4065 722 4080 ι
866 4068 871 4080 .
902 4041 905 4078 1

116 4067 228 4128 mm
249 4066 329 4128 βάλλει
349 4066 390 4114 καὶ
410 4067 519 4130 dmm
539 4093 567 4103 '—
590 4067 634 4114 VS'
651 4068 674 4116 δ’
694 4069 764 4130 §mv
782 4082 809 4113 τε
830 4084 875 4114 ³⁰⁹
901 4085 905 4146 I
931 4113 1152 4172 vidaComparat
1172 4111 1340 4160 Jabtonstius
1359 4112 1463 4168 (Putitii.
1484 4113 1590 4175 AEpppt.
1607 4112 1697 4160 Prole-

116 4131 184 4181 aete.
200 4130 278 4180 Dedit
289 4131 406 4179 Brunck.
421 4131 498 4180 Anat.
509 4132 581 4180 Lect.
598 4145 623 4180 et
638 4132 763 4180 Emendd.
779 4148 805 4196 p.
818 4133 873 4191 366,

117 4183 179 4246 ieie.
196 4197 301 4246 escon.
322 4205 340 4244 t.
357 4197 401 4250 ιν,
417 4211 444 4259 p.
461 4199 517 4246 aas.
534 4197 801 4260 alemannius.
817 4199 874 4246 aee.
901 4245 903 4248 ,

116 4277 148 4311 cx
160 4263 256 4311 Athen.
271 4263 304 4322 X,
318 4263 406 4326 petae
419 4263 451 4322 (λς
466 4263 499 4312 cI.
515 4261 587 4312 Suid.
603 4279 638 4312 ιν.
657 4259 725 4316 σίνος
740 4275 765 4311 et
779 4266 875 4312 Neara.
901 4263 903 4298 ἶ

116 4329 181 4392 ρίδος
195 4322 269 4383 αίνος.

149 4459 218 4520 XVI,
230 4461 268 4508 tt.
286 4458 373 4508 Schol.
388 4459 414 4508 in
431 4461 533 4508 Platon.
547 4459 678 4524 Ileatpnbt.
693 4459 755 4509 ibid.
767 4488 795 4497 —
810 4460 874 4514 Stib-

114 4523 206 4606 jicitur
220 4525 341 4574 enodatio
354 4525 409 4575 haec
427 4541 432 4574 :
449 4527 577 4592 suscepitur
595 4530 608 4574 ο
627 4525 742 4589 ςύνούχος
757 4527 876 4590 νάρθηκος

117 4609 221 4655 κιοηρει,

150 4723 230 4783 XVII,
250 4725 290 4772 12.
307 4724 402 4772 Athon.
417 4723 449 4781 X,
466 4731 530 4772 sect.
548 4725 587 4772 63.
604 4739 629 4787 μ.
646 4725 692 4773 155
710 4738 715 4771 ;
730 4722 834 4786 Φέρεται
850 4723 875 4770 δὲ

117 4789 191 4838 τούτο
205 4789 246 4838 καὶ
261 4791 285 4838 ἐν
299 4793 350 4845 ταῖς
362 4791 473 4855 Τεύκρου
491 4790 659 4855 Ὁρισμοῖς.

150 4920 242 4979 xt'111,
259 4921 400 4970 esschen.
413 4921 446 4976 X,
458 4937 483 4985 p.
492 4922 538 4970 155
550 4921 572 4969 D
585 4935 591 4968 :
605 4919 697 4985 φανερᾷ
711 4920 753 4981 μἐν
763 4913 805 4970 σύν
813 4919 875 4980 λέγει

117 4991 146 5047 τῇ
168 4989 247 5048 Δήλῳ,
268 4989 321 5047 ἥτις
341 4987 388 5034 ύπό
410 4987 531 5044 θαλάσσης
551 4989 695 5051 περιέχεται·
713 4986 792 5050 μήτηρ
817 4985 874 5044 tta

117 5053 198 5113 λητώ,
225 5054 277 5112 ἥτις
295 5053 374 5103 Κοίου
402 5052 454 5102 ἐστὶ
480 5053 595 5116 θυγάτηρ.
626 5051 765 5107 Μακεδόνες
790 5052 815 5100 δὲ
835 5051 876 5100 τὸν

117 5117 217 5179 ἀριθμὸν
236 5119 304 5166 κοῖον
323 5117 546 5182 προσαγορεύουσι.
568 5117 638 5166 Idem
657 5117 820 5179 epigramma
834 5132 874 5164 rc-

117 5183 165 5230 lert
178 5183 296 5232 Eustatb.
310 5183 335 5232 iu
353 5185 399 5233 Od.
417 5185 443 5238 Z,
460 5199 485 5246 p.
503 5185 560 5243 256,
578 5186 616 5232 12.
631 5209 659 5218 -
674 5183 720 5231 Vs.
733 5184 755 5231 1.
767 5183 796 5232 In
811 5182 876 5246 opti·

117 5248 165 5296 mis
190 5248 317 5298 Eustathii
337 5250 410 5299 codd.
436 5249 570 5298 invenerat
594 5249 761 5299 casaubonus
782 5250 875 5315 πάτραν

931 4065 978 4094 των
992 4049 1013 4095 σί
1027 4047 1108 4108 ἱερεῖς,
1124 4047 1207 4106 ἐφεξῆς
1221 4044 1338 4108 ήχούντες
1356 4047 1428 4095 αύτά.
1445 4047 1538 4094 Thom.
1554 4045 1629 4095 Galei
1643 4053 1696 4094 not.

931 4194 988 4238 eoin
1016 4194 1042 4242 p.
1059 4178 1227 4237 56),Varron.
1244 4178 1318 4226 Atac.
1337 4178 1512 4242 Choropraph.
1530 4179 1623 4242 fragm.
1640 4192 1646 4225 :

986 4286 1047 4328 Vldtl
1063 4291 1085 4326 et
1096 4285 1192 4328 rethario
1205 4284 1312 4327 mundum
1327 4287 1455 4340 torquerier
1470 4297 1514 4328 axa

900 4344 904 4368 ¹
997 4339 1217 4393 senseresensere
1231 4340 1330 4380 sonitum
1345 4339 1400 4380 dare
1415 4338 1511 4381 vocibus
1525 4338 1600 4382 orbes.

954 4454 1037 4512 xxti.
1055 4475 1094 4524 ¹7·
1109 4457 1195 4510 Edidit
1207 4457 1330 4522 prlmuse
1344 4457 1401 4507 cod.
1411 4457 1480 4506 Bibl.
1489 4474 1543 4522 reg.
1552 4457 1697 4508 Salmasius

931 4526 1122 4578 InExercitat.
1138 4523 1270 4576 Atintanis.
1289 4540 1313 4588 p.
1332 4526 1390 4580 226,
1411 4539 1469 4572 cum
1489 4525 1538 4573 hoc
1553 4525 1673 4573 lemmate
1691 4541 1695 4570 :

900 4612 904 4696 1
929 4590 1072 4661 Ι’λονλιανσυ
1093 4593 1137 4639 τού
1160 4588 1294 4645 δυσσεὸούς
1316 4591 1354 4644 Εἰς
1372 4591 1560 4646 κοντοπαίκτην.
1581 4590 1696 4638 Brunck.

901 4699 903 4704 ,
928 4668 933 4701 1

938 4655 989 4703 nde
1006 4656 1111 4719 repetiit
1130 4655 1207 4704 Aeol.
1228 4655 1273 4710 III.
1293 4671 1318 4718 p.
1337 4657 1395 4704 332.
1415 4656 1456 4718 (V.
1476 4655 1582 4704 Jacobs.
1599 4656 1631 4704 ad
1646 4656 1699 4704 Aa·

930 4723 993 4770 ttrol.
1009 4725 1058 4770 vol.
1069 4723 1101 4774 X.
1114 4737 1138 4786 p.
1155 4724 1210 4784 136)
1225 4730 1249 4770 et
1260 4721 1366 4770 Jacobs.
1379 4719 1474 4785 ipsein
1487 4721 1603 4784 Append.
1615 4737 1641 4768 n.
1655 4723 1696 4769 12,

930 4816 960 4824 -
978 4789 1023 4835 Vs.
1046 4791 1068 4836 1.
1090 4789 1199 4852 δένδρον,
1219 4788 1298 4836 arbor
1316 4793 1355 4836 est
1376 4795 1468 4836 contus
1487 4802 1564 4849 quem
1582 4787 1653 4834 lusor
1673 4786 1699 4834 in

930 4854 1013 4902 fronte
1027 4869 1084 4910 eun,
1102 4854 1243 4919 ἀνακτόρων
1262 4855 1336 4912 με’σσν
1354 4854 1372 4901 ι’.
1388 4869 1410 4902 e.
1432 4852 1548 4901 locorum
1567 4851 1695 4900 editorum

929 4919 956 4968 in
972 4918 1067 4976 medio,
1087 4917 1155 4967 inter
1171 4928 1290 4982 tempera
1306 4918 1357 4967 duo
1373 4917 1458 4982 ponit;
1477 4916 1581 4967 arboris
1601 4918 1657 4966 vira
1673 4933 1697 4966 et

930 4986 1037 5049 loquens
1051 4984 1124 5034 radix
1137 4993 1177 5034 est
1188 4986 1276 5046 horno,
1292 4983 1400 5044 fructus,
1414 4985 1513 5047 καρποὶ,
1529 4981 1607 5032 iidem
1622 4991 1648 5031 et
1660 4982 1697 5031 vi·

929 5057 1027 5110 rentes,
1048 5050 1119 5114 pueri
1137 5050 1162 5098 in
1184 5049 1311 5114 perticam
1329 5065 1375 5099 seu
1393 5057 1498 5099 contum
1516 5049 1696 5098 ascendentes.

932 5136 943 5162 ν
959 5117 1054 5165 Cantus
1069 5131 1127 5165 cum
1139 5117 1165 5164 in
1178 5117 1261 5166 fronte
1276 5114 1395 5178 erigitur,
1411 5115 1548 5178 puerisque
1564 5120 1695 5172 oneratur,

930 5182 1057 5244 φυτεύεται
1075 5182 1117 5247 μιᾷ
1134 5182 1158 5228 ἐν
1174 5184 1236 5247 ὤρη,
1252 5181 1339 5230 omnia
1353 5179 1469 5229 simulet
1483 5181 1569 5229 subito
1584 5195 1695 5228 nascun-

930 5255 980 5307 tur,
1007 5247 1096 5296 eadem
1122 5245 1197 5295 simul
1224 5247 1384 5306 auferuntur,
1410 5252 1535 5311 τρυγᾶται,
1560 5245 1697 5304 radicitus,
