4034 6018
720 445 847 506 CAPUT
873 445 922 506 Vl.
939 445 1142 506 artaudus.
1656 445 1709 502 ὅθί

92 591 130 640 ³5
144 569 234 648 Ᾰλλος
248 581 330 639 ίπειτ’
346 581 421 636 ἔσται
433 582 516 656 Τίφυς
527 582 575 634 καὶ
589 575 721 640 θισσαλίς
732 561 812 655 lippis

146 670 274 750 ἀνδράσιν
286 672 420 748 ἡρώεσσιν
435 666 632 744 ἀγαλλομένη,
647 664 775 742 πολέμου
790 663 819 719 δὲ

145 761 243 837 Τρώῳν
256 759 306 814 καί
318 759 431 812 Δαναῶν
445 749 693 832 πιιρησεταιαῦθις
704 736 849 830 Ᾰχιλλειίς.

183 831 251 903 ἀλλ’
264 846 328 902 ὅταν
339 847 459 922 ηνορέης
474 843 531 920 ὥρη
546 844 595 897 καί
606 840 710 918 καρπὸς
722 840 828 912 ίιιηται,

145 937 199 1012 οὐχ
213 935 283 990 θσιοι
296 935 416 988 αὐτοῖσιν
431 930 646 1009 ἀλιτροτάτοισιν
661 924 805 1007 [ἀλᾶσθαι]

94 1029 132 1078 lt]
145 1025 288 1100 φυομένων
302 1018 402 1098 ἀμυδις
414 1021 497 1096 γαίης
506 1019 561 1074 ἀπο
575 1019 653 1073 πίονι
667 1019 767 1093 μίτρῳ,

145 1112 215 1180 αὐτὴ
232 1107 255 1164 δ’
270 1110 409 1186 ἄσπαρτος
419 1109 467 1162 καί
480 1107 625 1184 ἀνήροτος,
642 1101 708 1160 otti
725 1105 773 1179 pis
788 1103 883 1178 ἀκμὴν

145 1197 278 1274 δτραλίου
294 1193 439 1273 δρεπάνοιο
452 1192 611 1269 ποθησίμεν
623 1190 749 1270 ἄμπελον
761 1186 851 1268 οἶμαι·

146 1283 206 1340 οὐδ’
220 1286 293 1362 ίρίου
309 1281 416 1338 διύοιτο
434 1281 531 1359 βροτὸς
541 1285 638 1336 πόκον·
655 1280 814 1355 αὐτόματος
828 1275 857 1332 dl

146 1374 250 1450 ἀρνειὸς
262 1373 384 1450 Τυρίοισι
396 1371 472 1448 πάρα
486 1368 584 1446 aspides
596 1364 765 1434 λιθάδεσσιν,

96 1475 132 1528 45
146 1457 259 1516 σάνδυκι
271 1462 417 1538 πορφυρέῳ
430 1457 539 1534 λάχνην
555 1457 708 1534 pendendas
722 1449 854 1532 ἀμείθιυν.

145 1677 211 1780 ἀλλ’
227 1681 277 1799 ἄγε
291 1680 389 1798 τιμῆεν
405 1675 542 1798 σκῆπτρον
559 1671 722 1794 βάσιληιδος
737 1671 849 1795 ἀρχίΐγς,Ι

146 1807 283 1888 δεξιτερῆς
295 1811 349 1866 ἀπὸ
364 1810 467 1886 πατρὸς
480 1805 656 1886 ἐριθρεμίταο
672 1801 778 1871 δέδεξο.

97 1925 132 1970 ὅθ

144 2079 324 2153 χαρμοσύνην
339 2075 422 2150 γαίης
434 2093 463 2128 τε
478 2075 525 2128 καί
539 2073 658 2150 οὐρανοῦ
670 2067 724 2140 ἠδὲ
739 2068 880 2141 θαλάσσης

144 2162 296 2239 γηθόσυνόν
312 2163 335 2217 τ’
352 2163 449 2226 αἰῶνος
462 2161 628 2238 ἀπειρεσίου.
644 2159 745 2214 Λάσιον
759 2161 814 2236 κῆρ

147 2248 200 2306 ιίθι
217 2271 250 2327 μι
259 2248 399 2329 γηραλέον
410 2251 473 2326 σχοῑ
483 2244 572 2316 ζῶντά
582 2267 611 2302 τι
623 2243 750 2332 νήδυμος
763 2248 844 2322 ἰσχὺς

99 2353 133 2400 55
147 2341 198 2410 σὴν
213 2341 313 2417 ἀρετὴν
327 2335 453 2394 κελαδεῖν
473 2335 515 2414 ἐφ’
535 2335 598 2392 ὅσον
613 2333 729 2411 δύναμίς
745 2353 777 2409 γι
792 2338 903 2413 παρείη,

147 2429 197 2483 οὐκ
211 2428 244 2482 ἀν
261 2447 294 2503 με
308 2422 438 2496 πλήξειεν
452 2427 468 2480 θ
482 2425 596 2503 Θρακῶν
611 2421 668 2486 δἰος
681 2420 785 2486 ἀοιδός,

146 2517 178 2570 οὐ
192 2517 281 2579 Λίνος,
298 2517 330 2570 οὐ
346 2517 403 2569 [lde
418 2512 510 2583 αὐτὸς,
527 2514 557 2567 δν
571 2495 693 2590 ἀρκοιδίη
711 2513 805 2566 τίιιιτο
816 2507 903 2587 χθών·

146 2601 210 2658 ἀλλ’
227 2604 258 2658 οὐ
275 2600 300 2657 δ’
315 2604 397 2666 αὐτὸς
410 2603 425 2657 δ
440 2603 498 2657 tlte
513 2596 855 2668 &vitiumnumerus

145 2761 232 2856 ἀρχεο
250 2775 413 2854 μιιδιδωσαν
428 2779 498 2854 δρῶν
513 2777 563 2846 την
580 2777 686 2851 μητίρα
698 2770 797 2841 κεδνὴν

100 2879 134 2928 eo
144 2862 326 2943 γνωρίζιιν·ή
341 2868 394 2942 γάρ
409 2884 438 2920 σε
454 2868 531 2942 piper
546 2861 669 2925 πολλοὺς
681 2857 864 2926 λυιιάθαντας·

145 2955 188 3008 σοί
202 2951 231 3008 δί
244 2957 333 3028 γονεῖς
347 2955 378 3009 οὐ
393 2955 509 3028 πάμπαν
528 2953 676 3028 ἀρημίριοι
691 2947 852 3025 ὶγίλασσαν,

146 3043 178 3098 οὐ
193 3039 217 3096 δ’
231 3041 297 3118 ἥψω
312 3040 430 3119 λεχίων,
447 3038 505 3097 οὐδ’
522 3041 604 3116 ίγνιυς
618 3036 698 3094 δαῖτα
713 3036 835 3096 θάλιιοιν.

408 3199 478 3258 ees.
500 3192 647 3255 scenos.
737 3267 739 3272 ,

147 3331 232 3384 Δοιῶν
248 3330 374 3406 Μοιράων
390 3329 434 3382 ἐπί
445 3329 552 3403 νήμασι
564 3327 678 3401 νήματα
691 3329 787 3390 κεῖται,

146 3418 235 3472 εἵνεκα
250 3419 299 3487 σῆς
315 3414 420 3490 βιοτῆς.
437 3417 469 3470 El
485 3416 534 3491 μὲν
547 3411 687 3490 πτολίεθρ1
701 3409 855 3488 ἀγοιπάζοις

146 3505 228 3558 ἀστεά
240 3503 265 3558 τ’
279 3499 314 3558 αὖ
329 3506 435 3578 φωτῶν,
451 3505 497 3556 καί
514 3520 560 3556 σοι
573 3499 653 3564 κλίος
667 3497 779 3576 ἀρθιτον
793 3501 868 3554 lorus

147 3589 251 3669 deipsis
266 3594 441 3668 ποιμαίνοντι
454 3595 520 3644 νίων
536 3586 688 3645 θεοείκελον
704 3588 807 3665 ὁρμὴν.

145 3906 259 3954 delsctos
273 3905 368 3953 heroas
378 3919 384 3962 ;
396 3910 472 3953 eruut
483 3901 561 3953 etiam
571 3900 655 3952 altera
668 3901 745 3960 bella,

144 3996 222 4052 atque
234 3987 328 4038 iterum
337 3987 371 4036 ad
385 3985 494 4050 Trojam
501 3999 613 4049 magnus
625 3984 742 4035 mittetur
754 3985 882 4037 Achilles.

178 4069 246 4120 Hinc
257 4069 302 4120 ubi
314 4068 370 4133 jam
382 4069 486 4119 firmata
499 4067 583 4118 sirum
595 4075 620 4119 ts
633 4067 725 4118 iecerit
736 4075 809 4130 etas,

145 4155 259 4204 sedetet
273 4153 329 4217 ipse
343 4150 518 4213 marissctor,
537 4168 585 4202 nec
598 4151 703 4202 nautica
716 4151 792 4217 pinus

146 4235 257 4286 mutabit
267 4250 369 4287 merces
385 4249 391 4284 :
405 4233 491 4285 omnis
501 4235 566 4284 leret
579 4233 668 4284 omnia
678 4235 765 4284 tellus.

146 4320 205 4370 Non
218 4325 319 4368 rastros
331 4317 445 4382 patietur
458 4318 561 4378 humus,
574 4317 710 4367 nonvinea
721 4319 831 4380 lalcem;

146 4402 268 4452 robustus
280 4415 383 4465 qnoque
394 4400 451 4466 jam
463 4400 546 4450 tauris
556 4399 622 4465 juga
636 4400 718 4451 solvet
729 4411 827 4462 arator,

146 4500 194 4535 nec
205 4483 291 4535 varios
302 4483 385 4534 discet
396 4481 501 4533 mentiri
515 4483 577 4533 lana
590 4483 702 4534 colores.

145 4569 203 4633 Ipse
217 4568 263 4617 sed
276 4567 302 4616 iu
317 4565 400 4632 pratis
411 4565 481 4616 aries
490 4565 547 4631 jam
559 4580 638 4617 suave
649 4567 752 4616 rubenti

144 4648 251 4712 murice,
263 4649 321 4714 jam
333 4663 425 4699 croceo
438 4647 550 4699 mutabit
561 4648 659 4699 vellera
672 4649 741 4709 luto;

143 4742 236 4798 sponte
251 4749 299 4784 sua
312 4733 409 4796 sandyx
421 4741 559 4798 pascentes
568 4733 662 4782 vestiet
672 4747 766 4798 agnos.

144 4818 219 4868 Talia
232 4818 312 4879 escle,
326 4817 381 4867 suis
395 4816 524 4877 dixerunt,
539 4825 644 4877 currite,
661 4816 725 4866 lusis

141 4901 285 4952 concordet
294 4899 383 4951 stabili
394 4900 507 4950 latorum
519 4898 626 4950 numine
639 4901 739 4950 Parem.

176 4984 335 5050 Aggreders,
348 4997 492 5048 omagnos,
503 4982 648 5048 aderitjem
660 4993 772 5048 ternpus,
782 4984 903 5047 bonores,

143 5082 205 5117 cure
218 5067 296 5118 deum
309 5067 421 5127 soboles,
434 5081 559 5130 magnum
569 5063 642 5116 lovis
656 5065 853 5116 incrementum.

148 5149 239 5216 hspice
254 5165 368 5200 convexo
383 5155 519 5199 nutantem
531 5149 645 5214 pondere
659 5149 792 5211 mundum,

145 5243 280 5298 terrasque
295 5241 444 5297 tractusque
456 5232 537 5283 maris
552 5232 695 5298 caelumque
709 5233 881 5298 prolnndum:

145 1940 261 2065 ίίόσμου
271 1942 425 2058 κητώιντος
437 1942 488 2062 ἀρά
502 1935 797 2058 εθπηίιτα.θίμιθλ.α·.
842 1939 850 1953 ·
895 1938 904 1954 ο

955 581 1032 638 Alter
1044 589 1102 637 tum
1114 581 1166 638 erit
1177 581 1282 655 Tiphys
1297 587 1325 636 et
1338 579 1424 636 altera
1437 580 1569 636 Thessala
1580 581 1656 653 Argo

956 669 1022 724 viris
1035 668 1165 726 heroibus
1178 669 1348 743 superbiens,
1364 667 1464 724 bellurn
1476 684 1583 740 quoque

956 757 1041 816 Troes
1052 755 1126 814 iuter
1137 763 1166 814 et
1177 758 1288 814 Danaos
1302 757 1400 814 iterum
1408 755 1529 812 tentabit
1541 755 1672 812 Achilles.

956 845 1067 901 Atrum
1080 843 1218 902 virilitatis
1231 850 1343 919 tempus
1355 852 1384 902 et
1394 845 1499 900 fructus
1513 842 1610 909 ederit,
1648 845 1716 918 [rari

956 950 1011 990 non
1022 933 1079 1006 jam
1093 931 1132 1007 pii
1146 939 1276 1007 poterunt
1290 932 1360 1008 ipsis
1376 933 1411 989 ab
1425 931 1642 989 sceleratissimis
1655 933 1714 1006 pri-

957 1022 1034 1077 bonis
1048 1039 1109 1094 quie
1122 1019 1203 1078 simul
1221 1029 1325 1078 eterra
1342 1021 1439 1095 pingui
1455 1019 1536 1076 modo
1551 1029 1715 1088 nascuntur;

956 1106 1019 1181 ipsa
1032 1114 1126 1166 autern
1137 1115 1277 1176 non-suta,
1292 1125 1346 1166 non
1359 1115 1436 1165 arata
1448 1105 1501 1164 erit
1517 1106 1607 1174 tellus,
1627 1125 1715 1181 neque

957 1195 1018 1252 cite
1031 1193 1109 1252 lalcis
1127 1194 1344 1254 desideraturam
1355 1195 1439 1252 ritem
1453 1195 1550 1270 opinor
1565 1211 1573 1252 ε
1620 1195 1714 1268 [aciem

957 1282 1121 1355 nequelsnae
1135 1282 1225 1357 tinget
1238 1284 1319 1340 homo
1332 1283 1447 1353 vellera3
1463 1289 1561 1356 sponte
1574 1290 1664 1339 autem

957 1385 1046 1443 agnus
1059 1369 1148 1445 Tyriis
1162 1369 1336 1428 decorabitur
1354 1369 1452 1437 succis,

957 1457 1077 1532 sandyce
1092 1475 1230 1532 purpureo
1245 1458 1402 1532 lanuginem
1413 1457 1564 1531 squalidam
1577 1464 1696 1514 mutans.

958 1721 1060 1778 Verum
1073 1738 1136 1794 age,
1150 1722 1313 1778 honoratum
1323 1729 1462 1796 sceptrum
1474 1722 1558 1795 regiae
1572 1721 1717 1796 potestatis

958 1808 1057 1866 dextra
1071 1808 1158 1882 patris
1169 1809 1404 1867 valde-frementis
1417 1809 1520 1883 accipe.

958 1986 1052 2043 Mundi
1063 1986 1185 2044 immensi
1195 1987 1287 2061 aspice
1299 1987 1524 2059 bene-compacta
1532 1985 1717 2051 fundamentis

958 2075 1078 2134 letitiam
1093 2083 1226 2149 terreque
1241 2082 1268 2132 et
1279 2074 1337 2133 caeli
1348 2081 1430 2148 atque
1444 2074 1537 2138 maris,
1661 2075 1718 2148 [cor

958 2163 1142 2237 gaudiumque
1154 2163 1239 2239 seculi
1254 2161 1361 2220 infiniti.
1379 2161 1502 2218 Pilosum
1518 2165 1539 2218 ι’.
1559 2178 1582 2218 e.
1598 2161 1716 2218 validum

958 2251 1060 2309 utinam
1077 2268 1120 2309 me
1137 2268 1230 2308 senem
1248 2250 1384 2308 viventem
1403 2250 1561 2322 habeatque
1576 2249 1655 2306 dulce
1674 2268 1719 2306 ro-

958 2346 989 2396 ut
1002 2346 1077 2397 tuam
1090 2339 1218 2396 virtutem
1232 2335 1565 2412 dicam,quantumaderit
1578 2335 1630 2406 ris,
1645 2338 1718 2412 [bur.

957 2445 1011 2485 non
1026 2445 1068 2484 me
1083 2428 1174 2484 vincat
1186 2427 1320 2483 Threcum
1333 2425 1394 2483 dius
1408 2433 1513 2492 cantor,
1614 2425 1717 2499 [tellus;

958 2533 1013 2572 ιιοιι
1028 2513 1123 2584 Linus,
1142 2532 1197 2571 non
1216 2515 1275 2571 Pan
1294 2513 1365 2588 ipse,
1387 2531 1468 2587 quem
1481 2513 1591 2587 peperit
1602 2513 1720 2570 Arcadis

958 2603 1075 2660 sednon
1085 2603 1146 2677 ipse
1159 2603 1218 2660 Pan
1233 2609 1328 2660 contra
1341 2607 1396 2659 stet
1409 2601 1530 2658 victorie
1544 2617 1637 2658 causa.

959 2777 1051 2854 Incipe
1065 2778 1250 2835 subridentem
1263 2777 1359 2834 videns
1373 2785 1487 2833 matrem
1502 2775 1615 2849 probam

958 2883 1125 2940 cognoscere
1140 2883 1148 2922 ι
1164 2880 1190 2924 ιο
1204 2863 1275 2922 enim
1290 2863 1352 2922 tulit
1362 2865 1461 2921 multos
1475 2880 1561 2921 annor
1576 2877 1585 2919 :

959 2955 1009 3013 tibi
1022 2955 1071 3012 sed
1089 2961 1217 3031 parentes
1229 2971 1283 3012 non
1296 2953 1405 3011 omnino
1422 2955 1508 3010 risere
1522 2953 1665 3020 mortales;

960 3060 1049 3118 noque
1067 3059 1133 3117 ergo
1151 3042 1268 3116 attigisti
1287 3040 1385 3108 cubile,
1406 3059 1494 3115 neque
1519 3047 1625 3098 tantum
1648 3045 1719 3098 nosti

1545 3127 1718 3201 [convivium.

1222 3203 1284 3258 285.
1304 3199 1459 3256 INCERTI.

960 3331 1133 3390 Geminorum
1147 3333 1293 3390 Parcarum
1308 3350 1392 3407 super
1405 3332 1457 3388 tilis
1476 3331 1523 3389 illa
1536 3331 1719 3406 posita-sunt,

960 3426 1073 3493 propter
1082 3418 1164 3476 vitam
1178 3427 1263 3476 tuam.
1277 3418 1306 3476 Si
1320 3418 1423 3493 oppida
1437 3435 1512 3475 ames

960 3507 1096 3580 urbesque
1109 3506 1258 3576 bominum,
1270 3513 1299 3564 et
1308 3505 1357 3563 tibi
1371 3504 1459 3579 gloria
1474 3505 1633 3562 immortalis
1646 3505 1699 3561 erit

959 3594 1079 3651 virorum
1091 3592 1214 3668 paseeuti
1225 3593 1355 3668 juvenum
1367 3592 1544 3649 diissimilem
1557 3593 1719 3666 appetitum.

962 3905 1050 3971 aspice
1064 3913 1173 3956 uenturo
1187 3904 1307 3955 laetentur
1320 3909 1350 3953 ut
1361 3901 1449 3953 omnia
1463 3900 1544 3952 seclo.

993 3988 1014 4038 0
1026 3987 1090 4039 mihi
1102 3995 1155 4038 tam
1167 3987 1253 4052 longae
1266 3992 1371 4037 maneat
1383 4001 1445 4051 pars
1457 3983 1549 4035 ultima
1562 3983 1622 4035 vites

961 4069 1079 4137 spiritus,
1094 4079 1120 4122 et
1134 4079 1260 4136 quantum
1274 4077 1315 4120 sat
1329 4069 1431 4120 erittua
1445 4067 1532 4119 dicere
1544 4068 1628 4119 ίοαιιιί

961 4172 1014 4207 non
1028 4171 1070 4206 me
1082 4153 1243 4206 carminibus
1256 4151 1342 4204 vincet
1354 4168 1402 4203 nec
1417 4151 1547 4204 Thracius
1559 4151 1686 4218 Orpheus.

961 4255 1009 4290 nec
1028 4238 1117 4296 Linus,
1140 4236 1200 4288 huic
1220 4243 1304 4287 mater
1324 4236 1443 4302 quamvis
1461 4241 1539 4300 atque
1563 4234 1624 4285 huic
1647 4242 1722 4298 pater

961 4322 1058 4388 Orphei
1069 4321 1210 4386 Calliopea,
1224 4319 1289 4370 Lino
1299 4319 1427 4369 formosus
1441 4317 1545 4382 Apollo.
1632 4315 1719 4380 [adsis

961 4489 1058 4556 incipe,
1072 4504 1152 4555 parve
1166 4503 1239 4554 puer,
1254 4486 1310 4537 risu
1323 4501 1482 4551 cognoscere
1495 4492 1606 4535 matrem
1622 4495 1629 4532 :

960 4573 1038 4624 matri
1049 4573 1129 4637 longa
1139 4572 1230 4622 dseem
1240 4571 1355 4621 tulerunt
1368 4568 1473 4620 fastidia
1486 4583 1598 4618 menses.

960 4657 1060 4724 Incipe,
1070 4671 1149 4722 parre
1163 4670 1245 4722 puer:
1260 4653 1303 4706 eui
1316 4669 1369 4705 non
1380 4653 1462 4704 risere
1475 4659 1607 4717 parentes,

959 4757 1008 4792 neo
1021 4741 1085 4792 deus
1099 4741 1168 4790 huno
1179 4753 1280 4800 mensa,
1292 4738 1342 4788 dea
1355 4753 1403 4787 nec
1417 4737 1525 4800 dignata
1538 4731 1618 4785 cubili
1631 4739 1679 4784 est.

1260 4868 1317 4916 265.
1333 4881 1419 4916 aaron.

959 4981 1101 5030 Parcarum
1113 4977 1139 5026 in
1154 4975 1263 5042 genibus
1275 4974 1365 5024 satalia
1379 4987 1460 5038 pensa
1473 4971 1620 5021 trabeatum

958 5077 1015 5113 sors
1029 5061 1077 5111 tibi
1091 5067 1143 5110 stat
1154 5060 1232 5110 vitae:
1250 5057 1273 5108 si
1287 5057 1382 5124 degere
1394 5055 1421 5106 in
1432 5055 1551 5114 urbibus,
1567 5053 1644 5118 inque

958 5144 1068 5196 coetibus
1082 5150 1122 5193 est
1132 5141 1243 5204 animus,
1255 5141 1326 5192 sarna
1334 5155 1413 5204 super
1423 5139 1521 5188 aethera
1530 5137 1612 5197 vives,

958 5227 1061 5294 quando
1074 5210 1144 5276 voles
1155 5223 1280 5290 juvenum
1294 5221 1395 5273 divinas
1409 5235 1516 5287 pascere
1529 5227 1638 5271 mentes.
