4136 6036
547 461 673 523 CAPUT
695 461 748 524 111.
770 461 1051 524 uelenanluaut
1074 463 1411 525 DEMONSTRATIVA.

188 600 240 655 oba
254 598 358 674 ἄστρων
374 593 409 666 δὴ
425 596 526 672 ροῦνον
541 591 695 664 ἀιιδένητον
710 597 844 671 ἀνάγκην.

190 684 255 742 οὐδέ
269 683 369 741 τόλοιο
383 684 468 761 φορὰν
483 685 516 737 σὺ
531 679 642 757 διέγνως
656 683 850 742 όστατέουσαν·

133 778 138 788 “
159 765 173 812 ⁵
188 772 264 830 ἀλλὰ
278 775 325 828 καὶ
339 773 411 828 αὐτά
424 789 475 847 περ
490 769 548 824 δττι
567 768 641 824 salci
655 771 766 845 σημήια
780 771 891 844 φαέντις.

189 863 312 920 Τοδνειια
327 857 362 930 δὴ
375 859 459 936 χρειὼ
471 855 579 912 καλέειν
593 859 623 912 σέ
636 853 686 912 τιν’
701 857 883 934 οὐρανιώνων,

190 950 308 1028 αὶόέριόν
322 967 351 1004 τι
364 951 427 1002 νόον
442 946 559 1023 φορέειν,
575 945 607 1000 οὐ
622 946 717 1020 γήινον
732 944 831 1019 Ιμτης.

190 1041 223 1095 Et
235 1039 288 1115 γὰρ
302 1037 350 1092 καὶ
361 1037 507 1112 μερόπεσσι
520 1034 675 1110 χαριρπέσι
686 1027 894 1107 συρόιότιυσας,

190 1129 238 1184 καὶ
251 1129 346 1204 φύσιος
359 1121 465 1193 θνητῶν
478 1139 529 1198 περ
545 1115 763 1196 ἀλυκτοπέδῃσιν
778 1115 906 1194 έδέσρου,

147 1193 175 1239 ¹⁰
191 1212 267 1270 ἀλλὰ
280 1215 342 1268 νόον
358 1209 466 1267 παθέων
481 1210 509 1263 έν
522 1211 593 1264 τοῖσι
605 1211 699 1270 πόνοις
714 1204 860 1284 έκόθηρας,

192 1298 244 1367 ἔξω
259 1301 358 1378 σαρκός
372 1294 438 1369 έόης
452 1293 481 1351 δέ
495 1297 543 1350 aab
557 1291 661 1372 όχλόος
675 1292 830 1364 έλυοέσσης,

191 1391 239 1446 καὶ
251 1387 368 1452 τελέσιις
385 1386 531 1463 προέιιιτας
543 1383 569 1448 ές
583 1381 681 1456 ὕστεροι
699 1384 787 1458 τέρμα
800 1380 951 1458 λαχούσας.

348 1975 417 2032 ll'l.
440 1969 506 2028 ΤΟΥ
528 1967 674 2025 artorii
689 1965 815 2024 ΕΡΜΟΥ.

194 2095 272 2165 διττὰ
282 2103 470 2168 τολυπλανέις
481 2100 541 2159 κατ’
555 2085 699 2177 Ολύμπιον
713 2101 822 2176 ἀστέρες
835 2095 916 2154 οὐδόν

195 2195 340 2264 εἰλεῦνται,
352 2195 404 2249 οιαὶ
416 2195 501 2248 τοῖσιν
516 2191 560 2245 ἀεὶ
573 2183 743 2255 κανονίζτται
757 2188 837 2242 αἰών·

198 2284 358 2361 νυκτιφανής
372 2283 465 2350 Μήνη,
483 2277 594 2354 στυγνός
612 2278 723 2366 ήρόνυς,
740 2259 823 2338 ilisa<
835 2270 914 2342 ἡδύς,

195 2374 366 2448 ταστοφόρος
380 2369 485 2444 Παφίη,
496 2365 596 2444 θρασὺς
608 2367 691 2441 Αρης,
708 2361 835 2440 εὔπτερος
848 2346 954 2438 Ερμῆς,

166 2457 243 2522 5,ιιαέ
261 2460 326 2522 Ζεὺς
348 2452 550 2534 όρχιγένεθλος,
572 2452 618 2528 ἀφ’
634 2446 666 2506 οὗ
687 2453 765 2526 φύσις
778 2445 954 2520 έὸλόστησεν.

197 2548 231 2602 Ol
245 2543 271 2601 δ’
283 2546 362 2602 αὐτοὶ
378 2547 502 2621 μιρότων
518 2539 620 2617 έλαχον
634 2539 722 2615 γένος·
740 2537 795 2592 έστι
809 2534 833 2592 δ’
848 2539 875 2592 έν
889 2538 957 2612 ήμῑν

198 2633 295 2704 Μήνη,
311 2634 385 2703 Ζεύς,
396 2615 479 2710 Ᾰρης,
496 2630 602 2706 Παφίη,
613 2629 726 2705 Κρόνος,
742 2609 834 2698 hisee,
852 2610 956 2702 Ερμῆς.

196 2725 217 2777 'l
219 2721 306 2776 οὕνεκ’
314 2720 361 2776 ἀπ’
370 2715 491 2797 αἰθερίου
505 2711 693 2794 μεριερέσριιδα
703 2718 859 2791 πνιύματος
870 2711 957 2769 έλκειν

198 2807 295 2887 δάκρυ,
322 2806 442 2884 γέλωτα,
469 2803 571 2883 χολήν,
598 2805 713 2880 γένεσιν,
742 2799 838 2878 λόγον,
862 2800 956 2875 ὕπνον,

859 2884 956 2956 όεΕιν.

153 2978 183 3026 ¹⁰
198 2988 288 3063 Δάιρυ
312 2985 360 3062 μέν
385 2985 441 3038 έστι
466 2981 578 3059 Κρόνος·
598 2980 662 3045 Ζεὺς
676 2976 701 3035 δ’
715 2979 736 3048 ή
750 2885 960 3122 quaesiisses<

935 3085 957 3130 ρ.

199 3161 285 3238 θυμός
297 3143 379 3236 Ᾰρης·
392 3159 473 3227 Μήνη
488 3153 513 3211 δ’
523 3156 566 3232 ἄρ’
576 3154 668 3218 ὕπνος·
678 3151 813 3232 Κνδέριια
827 3063 852 3209 gi
861 3069 957 3233 όρριμξῆις·

200 3234 296 3312 iletre<
309 3243 339 3302 δέ
350 3242 446 3323 γέλως·
462 3245 549 3320 τούτῳ
563 3244 617 3319 γὰρ
631 3242 726 3298 ἅπασα
739 3239 849 3305 δικαίως

200 3340 247 3392 καὶ
260 3335 346 3406 θνητή
363 3330 471 3389 διάνοια
483 3329 564 3408 quiq,
580 3332 629 3385 καὶ
641 3332 744 3407 ιεόσριος
757 3330 885 3407 ότιέρων,

201 4117 252 4152 non
264 4105 342 4154 modo
356 4108 494 4169 perpetuos
508 4102 605 4153 obeunt
619 4114 684 4166 quos
696 4097 784 4150 sidera
797 4113 898 4156 cursus,

202 4195 228 4235 et
241 4201 373 4253 nunquam
386 4185 481 4236 euntis
495 4183 595 4235 diducti
608 4183 710 4234 soedera
724 4181 823 4242 mundi,

202 4270 248 4320 sed
260 4269 321 4335 quid
333 4269 388 4320 seta
400 4275 493 4334 parent
505 4265 653 4333 praenuntia
666 4266 742 4331 signa
754 4263 848 4316 dedisti
864 4279 870 4312 :

203 4359 343 4417 propterea
357 4367 371 4402 e
383 4350 485 4417 superis
497 4365 577 4400 unum
588 4357 615 4400 te
629 4349 716 4400 dicere
730 4347 770 4398 las
784 4355 833 4408 est,

203 4451 250 4485 nec
265 4434 314 4486 tibi
327 4434 358 4486 de
374 4435 452 4486 terris
466 4441 561 4495 ortam,
576 4433 623 4483 sed
637 4433 671 4483 ab
686 4432 782 4482 aethere
795 4437 917 4482 mentem.

203 4520 358 4583 Quanquam
370 4517 468 4569 etenim
480 4517 594 4567 miseros
605 4515 731 4566 mortales
742 4513 811 4564 inter
824 4515 932 4578 agebas,

203 4601 308 4652 casibus
321 4601 439 4668 exposita
448 4601 626 4652 membrorum
640 4599 698 4666 lege
713 4598 819 4664 ligatus,

204 4693 232 4736 at
244 4693 358 4736 mentem
372 4685 442 4736 vitiis
456 4685 504 4735 tibi
519 4699 663 4750 purgavere
678 4683 796 4742 labores;

204 4769 373 4835 materiesque
386 4785 465 4835 super
477 4770 600 4819 tenebras
615 4773 641 4816 ct
655 4781 750 4830 corpus
762 4763 826 4825 iisti,

205 4850 293 4904 omnia
304 4851 450 4918 praedicens
463 4867 521 4919 quae
533 4867 592 4901 mox
602 4862 712 4900 ventura
726 4849 872 4899 trahuntur.

843 4937 868 4970 u.
888 4937 965 4972 onor.

399 5021 456 5069 lll.
474 5033 589 5069 ιισιισιιιιιι
606 5031 654 5067 ssu
671 5029 778 5066 aarum.

289 5112 328 5161 De
341 5113 437 5177 septem
451 5109 601 5161 errantibus
613 5106 695 5158 stellis
708 5121 847 5173 earumque
861 5108 886 5157 vi

495 5188 520 5234 et
535 5181 679 5249 affectibus.

208 5276 285 5328 Orbis
299 5277 326 5326 in
341 5277 441 5328 aetherii
457 5283 526 5328 texto
540 5283 648 5342 septena
661 5285 789 5340 vagantur

1713 462 1768 520 ³15

1007 619 1062 658 non
1073 608 1208 659 astrorum
1224 618 1291 658 sane
1303 582 1389 657 modo
1401 616 1509 675 semper
1522 599 1768 673 ingyrum-aetam

1555 687 1768 760 [necessitatem

1007 794 1096 850 neque
1108 777 1162 850 poli
1176 783 1278 833 motum
1292 783 1322 833 tu
1337 774 1484 849 dignovisti
1499 773 1653 832 instabilem
1668 791 1676 832 ι

1008 865 1057 922 sed
1070 871 1099 922 el
1113 865 1175 938 ipsa
1188 863 1298 938 quidem
1312 864 1385 938 quod
1400 864 1492 919 lerunt
1505 862 1587 936 sigua
1600 861 1732 919 ostendis.

1009 951 1182 1025 Quapropter
1195 957 1305 1026 oportet
1315 965 1443 1007 vocemus
1458 956 1486 1006 te
1500 949 1620 1022 aliquem
1636 949 1768 1007 caelicola·

1687 1037 1768 1110 pum,

1007 1130 1085 1195 teque
1103 1127 1226 1182 dieamus
1241 1123 1380 1182 aetheriam
1401 1129 1517 1180 mentem
1538 1124 1619 1190 lerre,
1641 1139 1695 1179 non
1714 1129 1769 1179 ter·

1505 1213 1631 1284 [reslrem
1649 1210 1768 1266 omnino.

1008 1299 1038 1357 Si
1061 1301 1132 1356 enim
1158 1319 1218 1356 cum
1241 1299 1402 1357 mortalibus
1427 1297 1677 1371 humi-repentibus
1700 1313 1769 1352 uno·

1656 1383 1770 1458 [vixisti,

1010 1482 1037 1532 et
1050 1482 1154 1534 naturae
1169 1476 1322 1535 mortalium
1341 1475 1451 1549 quidem
1467 1473 1705 1530 indissolubilibus
1721 1489 1769 1546 pe·

1466 1561 1544 1635 [dicis
1559 1559 1768 1628 devinciebans,

1009 1656 1039 1708 at
1050 1659 1168 1708 mentem
1182 1650 1325 1708 affectibus
1335 1667 1385 1724 per
1400 1648 1509 1706 labores
1521 1647 1658 1722 purgasti,

1010 1746 1088 1796 extra
1101 1756 1211 1795 carnem
1224 1737 1297 1795 ivisti
1313 1746 1341 1795 et
1354 1736 1498 1810 caliginem
1512 1736 1646 1808 limosam,

1009 1832 1038 1883 et
1049 1827 1139 1884 exitus
1152 1825 1305 1900 predixisti
1318 1825 1498 1899 inposterum
1512 1823 1597 1881 finem
1612 1823 1733 1883 sortitos.

1141 1976 1201 2032 147.
1221 1973 1383 2032 EJUSDEM
1402 1972 1469 2030 SEU
1490 1970 1638 2028 HERMAE.

1009 2105 1121 2178 Septem
1135 2105 1292 2179 multivagae
1307 2123 1357 2178 per
1368 2103 1523 2178 Olympium
1536 2102 1620 2160 stella
1633 2103 1714 2159 limen

1010 2195 1167 2262 volvuntur,
1178 2191 1259 2249 ethis
1270 2208 1378 2264 semper
1393 2189 1697 2264 ad-normam-exigitur
1708 2197 1772 2246 tem·

1684 2278 1747 2350 [pus
1763 2295 1770 2332 :

1010 2369 1198 2425 noctu-lucens
1212 2368 1298 2436 Luna,
1312 2365 1399 2425 tristis
1408 2363 1554 2432 Saturnus,
1565 2364 1611 2422 Sol
1624 2363 1720 2431 dulcis,

1011 2455 1183 2515 thalamilera
1204 2454 1322 2529 Paphie,
1349 2454 1439 2510 audax
1456 2453 1580 2522 Mavors,
1603 2451 1773 2508 bene-alatus

1598 2537 1771 2612 [Mercurius

1012 2639 1041 2688 et
1053 2630 1179 2706 luppiter
1194 2629 1444 2696 nascendi-auctor,
1460 2645 1495 2684 ex
1507 2643 1561 2701 quo
1576 2632 1676 2683 natura
1688 2625 1772 2698 origi-

1598 2712 1772 2786 [nem-duxit.

1013 2805 1097 2862 Iidem
1107 2804 1259 2862 mortalium
1269 2803 1359 2862 sortiti
1371 2811 1435 2860 sunt
1445 2819 1532 2877 genus
1541 2820 1548 2857 ε
1558 2808 1652 2875 estque
1660 2799 1687 2856 in
1696 2799 1774 2856 nobis

1013 2894 1100 2961 Luna,
1114 2892 1251 2967 luppiter,
1262 2893 1345 2961 Mara,
1356 2892 1629 2966 Paphie,Seturnus,
1639 2887 1695 2958 Sol,
1705 2889 1773 2944 Μοι-

1661 2976 1773 3050 [curius.

1014 3070 1188 3143 Quapropter
1199 3066 1599 3142 varicem-pertes-scindimur
1613 3065 1648 3122 ab
1663 3063 1775 3121 aetherio

1466 3156 1509 3228 [ut
1522 3153 1620 3227 spiritu
1633 3151 1776 3210 trahamus

1013 3244 1148 3312 lacrimas,
1160 3244 1254 3316 risum,
1268 3244 1345 3314 iram,
1357 3251 1457 3310 ortum,
1471 3257 1633 3308 sermonem,
1649 3255 1775 3296 somnum

1559 3329 1597 3400 [et
1608 3326 1774 3402 cupidinem.

1014 3420 1138 3478 Lacrima
1145 3420 1253 3494 quidem
1261 3417 1584 3491 eetSaturnus,luppiter
1591 3421 1677 3486 ortus,
1687 3429 1777 3471 sermo

1602 3501 1775 3576 [Mercurius

1014 3595 1056 3651 ira
1070 3595 1154 3662 Mars,
1170 3596 1247 3652 Luna
1258 3601 1348 3651 autem
1364 3609 1485 3662 somnus,
1501 3591 1639 3666 Cytherea
1653 3589 1762 3663 cupido,

1014 3683 1115 3757 Solque
1129 3685 1212 3741 risus.
1228 3685 1282 3740 Per
1297 3684 1369 3739 hunc
1381 3681 1452 3739 enim
1464 3680 1592 3737 universe
1603 3680 1678 3753 juste

1018 3779 1047 3828 et
1059 3772 1184 3840 mortalis
1198 3787 1275 3828 mens
1289 3771 1369 3836 ridet,
1385 3777 1413 3827 et
1427 3769 1546 3825 mundus
1559 3767 1692 3824 infinitus.

1019 4099 1115 4160 sidera,
1130 4099 1203 4165 queis
1217 4101 1324 4165 longum
1336 4097 1436 4164 pariter
1447 4096 1608 4147 convolvitur
1618 4111 1700 4146 aevum
1718 4111 1724 4143 :

1018 4183 1125 4235 Saturni
1137 4182 1209 4234 sidus
1224 4197 1312 4249 grase,
1325 4182 1395 4233 Solis
1407 4181 1493 4240 dulce,
1505 4178 1597 4230 Dianae

1019 4267 1194 4332 noctivagum,
1206 4265 1316 4316 Veneris
1327 4266 1372 4316 tax
1383 4265 1511 4330 pronuba,
1521 4263 1594 4312 Mars
1604 4263 1674 4312 Deus
1685 4261 1777 4322 audax,

1019 4350 1165 4402 Mercurius
1178 4351 1293 4410 volucer,
1306 4348 1432 4400 nascendi
1443 4346 1566 4413 luppiter
1579 4351 1679 4396 auctor.

1020 4434 1138 4486 Divisere
1149 4433 1269 4485 homines
1283 4433 1366 4484 stellae
1381 4445 1493 4497 quoquc,
1508 4437 1537 4480 ut
1550 4428 1670 4480 omnibus
1688 4427 1777 4488 insint,

1019 4519 1156 4579 Saturnus,
1172 4518 1227 4578 Sol,
1240 4519 1324 4578 Luna,
1334 4517 1434 4575 Venus,
1443 4515 1525 4575 blara,
1539 4512 1670 4578 luppiter,
1685 4511 1778 4561 Arcas.

1019 4602 1140 4652 AEtherio
1153 4601 1227 4652 nobis
1241 4615 1354 4667 namque
1366 4600 1422 4649 haeo
1432 4613 1450 4649 a
1462 4596 1561 4648 semine
1572 4603 1690 4646 manant.

1021 4685 1109 4745 Ortus,
1121 4701 1178 4745 vox,
1192 4684 1318 4743 lacrimae.
1333 4683 1412 4743 risus,
1425 4697 1513 4748 sopor,
1529 4681 1580 4742 ira,
1593 4679 1697 4746 cupido.

1021 4771 1149 4820 Saturnus
1162 4769 1291 4830 lacrimam
1304 4767 1376 4818 Mars
1390 4767 1445 4828 ira;
1461 4763 1594 4830 Diespiter
1605 4771 1678 4813 ortus
1693 4775 1700 4811 ι

1020 4853 1167 4904 Mercurius
1181 4867 1245 4914 sox;
1257 4852 1331 4902 Luna
1342 4865 1436 4916 sopor;
1451 4847 1588 4912 Cythereie
1601 4846 1710 4912 cupido,

1021 4938 1061 4987 sol
1075 4936 1157 4998 risus;
1173 4949 1234 4986 nam
1246 4935 1302 4985 sole
1314 4933 1392 4985 simul
1404 4931 1527 4982 mortalia
1541 4931 1620 4990 secla,

1021 5018 1106 5070 omnis
1119 5027 1145 5070 et
1156 5017 1277 5070 immensi
1290 5019 1394 5068 laetatur
1408 5015 1532 5068 maehina
1547 5012 1648 5064 mundi.

1662 5110 1687 5144 ιι.
1702 5107 1780 5144 eaor.
