4034 6018
708 423 747 482 lN
768 421 894 482 CAPUT
914 423 940 484 V
961 425 1190 488 ΑΝΝΟΤΑΤΙΟ.

167 556 248 608 πεσὼν
266 554 300 611 τίς
311 552 385 604 νόσον
387 587 437 603 .....
450 551 571 619 περίαπτα
584 551 665 601 λαθεῖν
678 551 776 611 ίπείσθη
792 551 835 602 ταὶ
849 568 923 616 μετα·

1678 435 1733 492 161

1010 556 1079 608 xm.
1093 557 1170 623 Βίας.
1188 557 1276 608 Laert.
1296 559 1341 618 Vl.
1360 574 1417 620 rur,
1432 562 1477 610 tto
1496 575 1503 610 τ
1518 560 1584 620 Φησὶ
1594 560 1616 612 θ’
1629 565 1737 628 'ltpprc-

165 622 294 686 γινώσκοι
312 619 348 682 ίφ’
368 611 407 674 οἷς
424 619 604 681 ‘obnubiletur
622 617 656 672 τίς
674 619 703 667 τὸ
721 618 785 668 θιίον
788 651 838 668 .....
860 617 926 669 lette
977 623 1240 688 ποεθμῑθοθονειστήν
1256 624 1331 673 αὐτόν
1346 628 1477 689 γεγονέναι,
1494 629 1536 678 ael
1549 628 1681 679 καλεῖσθαι·
1697 629 1738 679 ναί

167 687 209 738 καί
220 684 254 742 ὣς
268 684 419 750 αατίστρεψε
436 683 478 758 ταί
491 682 563 747 ἡμεῖς
579 681 654 758 αθτόν
670 681 750 758 οὕτως
763 683 924 759 paripate·

167 753 249 802 Βίωνα
269 751 323 802 erl.
344 776 376 787 -
401 769 414 795 ι
432 748 469 799 Βι
485 761 576 798 versus
593 762 622 798 tn
647 761 777 813 supertorr
800 747 926 807 editione.

167 815 261 867 nonin
274 821 348 894 certe
364 813 453 879 spatia
469 811 611 873 dietributi‚
628 813 674 863 sed
685 812 782 890 ¹solutor
800 811 928 890 orationis

167 877 929 1021 tutetur.etti.lttt.:ttt.ttttzttlttt¹tt:

168 1029 218 1079 quc
232 1012 302 1063 vides
314 1011 393 1062 modo
404 1009 565 1076 distinguere
579 1029 592 1055 ι
608 1022 616 1060 z

232 1121 321 1185 [Βίωνα
334 1119 376 1168 τόν
387 1118 571 1183 Βορυσθενίτην,

265 1182 292 1237 θν
306 1186 394 1250 ίρυαεν
407 1187 423 1243 η
435 1184 522 1240 Σιοθίς
531 1179 585 1241 αία,
598 1181 663 1248 vrb]
677 1181 709 1233 11.
723 1181 811 1249 steph.

169 1306 264 1356 Postea
283 1320 314 1355 ex
327 1303 482 1369 quibusdam
495 1299 680 1368 Aristophanis
695 1299 814 1352 versibus
829 1299 930 1352 addidit

169 1371 315 1437 Stephanus
331 1385 338 1420 τ
355 1389 368 1415 ι
382 1369 458 1420 Nunc
471 1367 553 1434 igitur
568 1375 641 1417 tuum
652 1366 730 1418 inerit
742 1365 776 1428 (si
789 1366 929 1432 videbitur)

168 1437 215 1486 hos
228 1451 330 1502 quoque
343 1435 435 1486 eodem
448 1434 526 1485 modo
539 1433 672 1500 copulare.
685 1432 724 1484 ite
736 1431 874 1485 scribendo
887 1445 895 1484 ς

200 1535 282 1586 Βίωνα
293 1535 336 1586 τόν
348 1533 526 1602 Βορυσθενίτην
540 1530 567 1585 όν
577 1534 691 1595 ίρυσενὴ
704 1533 791 1589 Σιοθίς
801 1526 853 1592 σία,

199 1601 275 1665 λόγων
289 1601 414 1663 ἀκούομεν
427 1599 497 1656 leode
508 1601 541 1655 si:
555 1600 623 1650 etto
637 1600 698 1650 εἰσιν
712 1600 799 1656 ὄντως.
810 1603 866 1650 ari.

169 1718 241 1777 Quod
262 1717 417 1783 approbavit
435 1716 590 1776 Salmonide,
607 1715 651 1768 Ae
669 1716 752 1768 Solin.
771 1733 797 1782 p.
819 1719 881 1777 5243
901 1724 930 1768 at

169 1785 269 1850 Tannq.
282 1785 370 1835 Faber
379 1782 460 1849 priori
474 1781 600 1848 Stephani
613 1781 729 1849 opinioni
740 1783 928 1845 consentiebat,

168 1855 330 1916 repugnante
340 1847 469 1914 Hesychio
479 1847 582 1899 Milesio
593 1863 636 1914 ap.
646 1863 723 1914 quem
734 1863 741 1898 t

283 1951 363 2002 Βίωνα
374 1949 550 2017 Βορυσθενίτην
559 1948 651 2012 ίρυσ’ἠ
661 1950 747 2007 Σανθὶς
757 1941 809 2000 σία.

170 2087 200 2099 -
208 2060 254 2110 Vs.
266 2062 291 2112 θ.
304 2059 368 2112 ch.
378 2059 535 2124 Κομίνιος,
547 2057 616 2116 ίντες
628 2073 671 2126 ap.
683 2059 795 2124 Hesych.
806 2085 837 2097 -
849 2059 928 2110 Vel.

169 2125 238 2176 Edit.
247 2125 373 2190 Stephau.
384 2127 455 2191 οίπερ
467 2124 541 2186 θεοῖς,
550 2123 612 2176 edit.
626 2124 709 2175 Lond.
721 2123 790 2184 iu-i‘t.
800 2121 824 2176 oi
833 2127 885 2182 τοῖς
894 2128 928 2186 θ.;

169 2190 252 2242 Basil.
263 2188 286 2242 oi
297 2191 489 2252 θιαῑς,ιααία.-
497 2189 588 2242 Valli.
598 2189 730 2240 ed.1.ond.
742 2191 857 2253 Ι’Βλιποη
866 2198 928 2242 cett.

169 2271 259 2307 omues
267 2254 360 2306 stood.
370 2256 437 2320 Reg.
446 2253 529 2321 ἤλιτον
543 2255 612 2320 qnod
621 2253 718 2320 legitur
728 2261 755 2306 et
761 2270 805 2320 ap.
815 2256 929 2321 Hesych.

170 2350 200 2360 -
211 2322 258 2372 Vs.
272 2323 311 2371 ll.
323 2319 475 2372 «Existimo
486 2320 595 2372 Bionent
605 2321 717 2398 quodam
728 2335 835 2372 suorum
846 2320 929 2388 scrip·

170 2394 255 2438 torum
275 2387 333 2438 loco
354 2401 412 2452 ques
432 2387 520 2438 omnia
540 2385 697 2436 interierunt
713 2401 760 2437 eos
777 2385 868 2438 risisse
885 2385 930 2453 qui

170 2453 306 2503 crederent
318 2450 370 2501 ista
382 2452 504 2516 περίαπτα
517 2450 604 2516 (Diog.
616 2451 703 2502 hort.
715 2451 752 2504 ib.
761 2453 803 2517 11)
815 2451 931 2530 aliquam

170 2519 266 2569 babere
278 2516 341 2567 viru.
354 2517 423 2568 Sane
435 2531 480 2582 ap.
495 2517 629 2568 Plutarch.
640 2518 678 2569 De
687 2519 825 2584 superstit.
839 2517 930 2568 Bionis

170 2591 254 2634 exstat
269 2583 343 2634 locus
360 2581 428 2632 unde
446 2583 496 2633 hoc
513 2582 615 2633 videtur
633 2597 709 2647 posse
727 2581 817 2649 colligi
835 2597 843 2635 τ
865 2585 890 2634 el
903 2584 930 2635 et

169 2655 243 2715 γρᾶες
252 2649 361 2713 καθάπερ
375 2649 490 2711 παττόλμ
506 2647 577 2713 ρηαίν
592 2652 606 2699 θ
619 2649 692 2708 Βίων,
707 2651 730 2708 θ,
746 2666 769 2698 τι
780 2647 810 2700 ἂν
824 2649 930 2715 τύχωσιν

171 2716 239 2778 αὐτῷ
251 2714 413 2778 περιάπτουσι
426 2715 544 2779 ρίρουσαι
558 2714 600 2762 ael
614 2716 774 2780 περιαρτῶσι.
791 2715 932 2780 eleganter

171 2779 252 2844 igitur
262 2779 341 2842 Βίας.
355 2779 388 2828 ad
402 2777 492 2830 Bionis
509 2779 590 2829 verba
606 2778 760 2845 respicient,
777 2795 837 2831 eum
853 2779 929 2842 ridet,

171 2854 198 2896 et
219 2843 400 2895 inconstantior
420 2845 515 2895 acerbe
534 2851 651 2895 accusat.
672 2862 686 2889 s
707 2847 741 2896 Ιι.
764 2844 878 2898 ocreae.
896 2873 930 2886 -

170 2909 217 2961 Vs.
237 2911 276 2960 12.
294 2908 424 2960 Salmasio
438 2910 534 2976 placet.
548 2909 706 2962 concutiente
719 2909 853 2976 Monoglo,
869 2913 930 2962 εύσ-

171 2993 227 3026 τισι.
240 2977 308 3026 Ante
318 2974 443 3039 Stepbau.
451 2979 619 3038 πεπεισμένος,
631 2975 700 3040 quod
712 2991 759 3043 pro
767 2980 931 3043 πεπεισμένως

173 3063 185 3086 ν
198 3040 314 3107 ineptum
326 3059 339 3085 ν
355 3039 390 3091 Is.
402 3039 555 3091 Gasanbono
567 3039 677 3092 videtur.

202 3169 345 3222 xxxvm.
359 3169 537 3237 Diog.1.aert.
550 3171 607 3232 vn.
616 3187 646 3234 ιτ,
660 3173 705 3222 111
716 3175 824 3224 εΤσῦτον
838 3171 930 3241 (epic-

172 3240 245 3287 τωναλ
264 3235 337 3297 λόγος
351 3237 473 3302 ραλαιιρόν
491 3239 551 3289 ὄντα
569 3239 716 3300 ἐγκαυθῆναι
731 3239 779 3288 bord
797 3239 842 3290 τοῦ
860 3241 929 3298 ἡλίου

171 3305 212 3350 ναί
232 3295 279 3350 iris
299 3303 451 3364 τελευτῆσαι·
470 3305 666 3368 προσεπαίξαμεν
682 3303 708 3352 di
725 3304 792 3369 αὐτῷ
812 3305 874 3369 repis
894 3306 930 3370 τῷ

171 3369 254 3434 τρόπῳ
263 3367 298 3430 τῷ
309 3367 391 3432 ίόμόερ
405 3369 441 3434 τῷ
454 3371 536 3434 χωλῷ.
550 3369 579 3419 Τί
590 3369 619 3428 δὴ
630 3371 708 3434 γέρων
719 3371 773 3420 ατλ.

202 3498 321 3550 xxm.
335 3498 413 3565 Βίας.
436 3497 525 3550 Laert.
541 3499 639 3560 IV,1x‚
656 3499 740 3551 θθ-θθ.
756 3503 831 3552 ’Ἔστι
845 3499 887 3551 ael
905 3500 929 3556 ίς

170 3562 258 3614 τοῦτον
273 3564 345 3629 ἡμῶν
358 3566 394 3630 τῷ
409 3565 555 3629 λογαοιθιιῖρ
570 3567 653 3629 μίτρην
668 3565 719 3630 [ταί
739 3567 759 3617 lt
776 3565 927 3632 χείονλείμ.

170 3631 200 3679 Τί
216 3645 246 3692 με
262 3633 297 3680 11.
313 3631 366 3680 ετλ.
385 3657 416 3668 -
437 3631 484 3680 Vs.
507 3632 532 3680 1.
554 3629 681 3695 Intelligit
698 3583 870 3696 Stepicnus:
915 3647 929 3682 e

172 3699 227 3744 tum
241 3695 345 3760 quidem
347 3731 398 3746 .....
411 3693 603 3746 dissolutionem
614 3697 729 3762 corporis
739 3694 774 3747 σθ
785 3698 873 3748 οπίιπα
884 3698 930 3747 ud·

170 3759 273 3810 enittere
286 3759 377 3811 coluit.
391 3787 422 3799 -
441 3761 488 3811 Va.
501 3763 542 3810 td.
561 3761 605 3812 Sic
623 3761 735 3826 explicat
749 3761 819 3813 idem
837 3777 845 3812 t
862 3781 876 3808 ι
890 3763 929 3812 Ex

172 3840 203 3874 eo
225 3835 342 3891 tempore
361 3841 414 3892 quo
432 3826 589 3876 senteutiam
611 3827 644 3877 de
663 3824 806 3879 hauriendo
831 3843 929 3878 veneno

172 3890 929 3959 mumvit[emegnsnimcpvvclodc'xoc.minimequeprlo·

172 3957 235 4011 ζώσο
252 3957 404 4022 μικρόψυχος
419 3957 523 4021 iactns]‚
537 3957 619 4008 multa
635 3960 706 4009 mala
721 3973 860 4024 perpessus
878 3967 928 4020 eet,

172 4036 230 4085 quoe
246 4020 427 4084 lucrifecissot,
445 4022 469 4072 si
484 4022 513 4073 in
528 4037 560 4072 ea
573 4023 739 4090 perstitisset,
752 4033 779 4076 et
794 4033 871 4089 epoto
883 4023 929 4075 illo

171 4087 204 4202 gd
220 4086 321 4163 interos
341 4087 550 4140 concessisset.»
570 4116 601 4127 -
619 4089 759 4156 Antipater
778 4089 823 4140 ille
836 4090 930 4154 Tyrius

191 4160 275 4203 torcns
288 4162 337 4203 est.

203 4281 258 4332 XL.
282 4281 469 4348 Diog.1.aert.
492 4285 525 4344 ΙΙ,
551 4301 617 4344 xvir,
642 4286 699 4344 111,
722 4285 750 4336 iu
771 4287 928 4338 Menedemo.

171 4347 217 4396 Vs.
230 4350 255 4397 ³.
265 4350 359 4412 ”Ep-scs
373 4351 521 4416 Ἐρετρικόν,
533 4351 638 4415 sueinus
648 4351 931 4418 Βιυθόσοεινπςιρσαιαί

171 4413 221 4462 hoc
236 4413 270 4464 ad
287 4414 465 4466 Eretriensem
483 4423 591 4472 sectam.
609 4415 648 4467 sic
666 4431 683 4466 a
698 4417 851 4468 Menedemo
869 4419 931 4470 Ere·

170 4476 264 4529 triensi
277 4479 335 4544 ipso
353 4480 460 4542 dictam,
474 4479 553 4532 idest
568 4497 628 4532 vere
662 4480 853 4548 bilosoplricnnt
870 4499 930 4535 vere

171 4543 316 4617 Mretriensi
334 4545 435 4610 phllcso
454 4547 489 4597 ho
506 4547 623 4613 dignum.
644 4497 708 4598 Rrec
724 4549 778 4599 lere
793 4548 931 4614 Menugius

171 4625 197 4658 ro
210 4610 320 4661 eundem
330 4612 416 4662 locum
452 4611 504 4677 iog.
518 4611 606 4664 Laert.
617 4611 737 4664 Obreroc.
750 4614 802 4664 Sed
814 4613 930 4666 alludere

172 4673 258 4738 potius
274 4677 430 4727 crediderim
446 4685 549 4742 poetam
567 4678 731 4744 parcioribus
742 4679 930 4731 Eretriensium

171 4739 386 4854 pbilosophorum
404 4741 533 4806 prandiis,
546 4759 604 4809 quta
618 4742 756 4796 cavilletur
774 4752 815 4796 est
830 4761 930 4812 quoque

192 4807 325 4870 pcopbron
343 4807 521 4860 Chalcidensis
539 4809 567 4859 in
585 4807 698 4872 satyrico
715 4810 843 4871 dramate,
863 4813 931 4878 quod

170 4870 305 4946 deridendi
318 4888 398 4924 causa
411 4872 439 4925 in
451 4875 631 4926 Menedemum
650 4875 833 4942 philoeophum
848 4877 931 4944 scrip·

170 4944 226 4986 stt:

235 5027 283 5078 Καὶ
293 5029 440 5096 δημόκοινος
451 5032 597 5097 ἐπεχόρευσε
609 5032 710 5096 δαψιλὴς

235 5095 332 5160 θίρμος,
343 5098 455 5156 πινιίτων
466 5099 507 5148 rel
520 5098 640 5165 τρινλίνου
654 5099 789 5166 συμπότης.

171 5201 265 5254 Athen.
280 5204 313 5264 11,
328 5205 359 5256 15
374 5207 437 5272 (tt).

978 688 1025 802 γαᾶρ
1045 690 1154 754 ναυτικῷ
1174 687 1242 754 τόιιιμ
1263 688 1379 772 θρνιίζειν
1399 690 1440 742 ναί
1460 691 1654 776 ίίενρχυριοίῑιιν,
1673 695 1739 776 ὥστε

978 755 1740 898 tuernout...euertuntur

980 885 1093 941 ταλλόξαι
1109 884 1151 934 ael
1168 889 1240 962 ημειρ
1259 885 1387 962 incitauere
1404 887 1439 943 είς
1458 888 1543 964 αὐτόν.
1563 889 1668 965 Φοίνικα
1683 894 1736 941 erl.

982 975 1013 988 -
1031 950 1160 1002 versuum
1175 951 1308 1002 destructio
1324 965 1401 1018 quern
1414 952 1534 1003 dedimus
1545 953 1670 1006 Salmnsri
1687 963 1737 1016 est,

982 1013 1027 1080 qui
1036 1016 1233 1092 epigrammatis
1244 1015 1400 1095 coutentium
1411 1017 1449 1068 ιία
1460 1018 1583 1084 explanet
1592 1034 1600 1070 :
1609 1039 1624 1067 ι
1635 1018 1708 1072 Meni
1727 1047 1738 1058 ·

983 1093 1054 1145 pum,
1071 1096 1130 1132 cum
1147 1096 1200 1132 rrm
1214 1096 1382 1148 pecuniarum
1396 1081 1523 1148 grandem
1539 1083 1640 1136 lmuore
1651 1099 1700 1138 con
1712 1103 1738 1135 e·

982 1143 1076 1222 cieret..
1091 1159 1136 1198 eas
1154 1145 1288 1198 amississe
1307 1156 1379 1212 puto,
1398 1148 1523 1214 perlosels
1542 1151 1576 1200 ab
1596 1149 1739 1216 expilatore

984 1212 1127 1276 partetibus
1149 1211 1201 1263 loci
1222 1227 1274 1279 quo
1295 1211 1403 1264 inclnere
1420 1214 1606 1275 servabantur-3
1627 1231 1739 1266 moerore

982 1291 1043 1328 vero
1056 1275 1161 1328 amissae
1176 1276 1292 1343 pecunise
1304 1276 1385 1330 vitam
1399 1278 1507 1342 dolicae,
1521 1293 1570 1332 uec
1583 1279 1741 1332 intellexiste

983 1357 1041 1407 ques
1060 1349 1154 1394 natura
1170 1341 1243 1394 cunis
1260 1351 1340 1403 esset,
1352 1343 1403 1394 hoc
1418 1352 1459 1395 est
1476 1344 1565 1409 Cynici
1582 1345 1740 1413 philosophi.

982 1408 1086 1473 qudem
1098 1408 1276 1474 profitebatur.
1291 1429 1304 1455 ν
1320 1411 1369 1474 (De
1382 1409 1458 1462 modo
1473 1411 1591 1476 deseror.)

1015 1538 1093 1590 xtn.
1109 1539 1220 1606 Diogen.
1232 1539 1320 1592 Laert.
1332 1541 1365 1600 ΙΙ,
1378 1553 1416 1600 ιε,
1431 1541 1486 1602 tlt,
1499 1541 1527 1592 iu
1540 1542 1657 1608 Stilpone
1671 1558 1681 1593 .·
1695 1545 1740 1604 Γη-

983 1605 1051 1668 ραιόν
1065 1605 1092 1655 θλ
1103 1607 1244 1666 τελιυτῆσαί
1256 1623 1327 1668 φησιν
1340 1607 1491 1674 Ἕρμιππος,
1501 1601 1569 1658 αίνον
1578 1610 1742 1673 προσενεγκα-

983 1687 1056 1733 μενον
1072 1671 1140 1728 θπας
1155 1672 1242 1723 θᾶττον
1261 1671 1387 1722 ἀποθάνοι.
1405 1673 1479 1722 'llere
1495 1673 1523 1722 θλ
1541 1673 1584 1723 τοί
1601 1673 1641 1730 είς
1651 1674 1740 1726 τοῦτον

982 1737 1064 1796 ἡμῶν·
1081 1737 1131 1787 Τόν
1144 1739 1262 1801 Μεγαρία
1274 1739 1326 1788 ατλ.
1342 1737 1440 1788 Eodem
1453 1745 1538 1789 metro
1556 1751 1607 1805 quo
1620 1753 1683 1790 usus
1701 1747 1742 1789 est

982 1800 1164 1866 Diogenes.sio
1173 1801 1440 1854 transttditversiouis
1448 1801 1536 1854 letinae
1545 1810 1638 1855 auctor
1650 1803 1678 1855 in
1690 1804 1732 1855 edi

982 1867 1052 1918 tione
1065 1866 1226 1920 Didotiaua:

1031 1966 1607 2084 rettulerunt-tur

1034 2078 1218 2130 prestantiorem
1230 2080 1255 2115 et
1265 2073 1304 2116 rlle
1314 2072 1375 2128 brgts
1443 2073 1495 2118 lmus

1035 2125 1137 2183 repperit
1147 2127 1260 2181 εοτίςεαι,
1272 2128 1372 2170 memmi
1402 2125 1468 2170 lbeus
1478 2131 1549 2171 vectu
1560 2126 1591 2171 'st
1602 2127 1669 2172 bene.

984 2222 1054 2340 {atis
1067 2227 1178 2287 apparet
1192 2219 1271 2274 aliter
1285 2219 1439 2272 distributos
1455 2236 1546 2271 versus
1560 2220 1658 2286 legisre
1677 2224 1729 2274 Gro

1005 2304 1058 2341 um.

991 2413 1199 2472 xutttttxtnl.
1216 2417 1327 2483 Capitol.
1344 2417 1410 2483 Opil.
1427 2418 1538 2468 licerio.
1554 2418 1607 2468 XI:
1626 2418 1742 2470 «Totius

984 2485 1180 2552 epigrammatis
1197 2482 1296 2562 [prsecil
1312 2497 1342 2534 ar
1377 2491 1493 2533 ruentum
1513 2483 1655 2544 continent,
1673 2493 1701 2534 ut
1717 2495 1742 2534 c*

984 2551 1145 2618 capitolinus
1152 2549 1350 2608 inumtillaver
1369 2548 1469 2599 etcum
1476 2547 1742 2600 illumsenatusPium

983 2632 1016 2669 eo
1029 2617 1138 2669 Felicem
1154 2627 1339 2680 nuncupasset,
1353 2612 1445 2668 Felicie
1461 2628 1558 2665 nomeu
1573 2615 1681 2680 recepit,
1702 2617 1743 2666 ro·

984 2683 1081 2734 habere
1094 2681 1186 2734 noluit.
1198 2699 1212 2726 ν
1226 2678 1338 2733 eneae.
1350 2680 1431 2730 -Vn
1446 2681 1471 2729 θ.
1484 2679 1547 2730 Cod.
1560 2681 1627 2746 Reg.
1642 2681 1742 2746 :impc-

983 2748 1051 2800 rium
1058 2747 1147 2799 iuielix
1156 2753 1206 2808 eet,
1216 2745 1268 2796 erit
1276 2745 1320 2796 ille
1329 2743 1387 2796 tibi.
1398 2766 1411 2792 ε
1420 2743 1598 2796 Divinavimus
1608 2747 1676 2796 banc
1685 2762 1743 2798 esse

983 2823 1096 2866 mentem
1118 2829 1126 2864 τ
1146 2827 1199 2864 uon
1218 2826 1294 2878 posse
1314 2810 1420 2862 taudem
1443 2809 1613 2862 intortunium
1633 2813 1742 2862 evadere

984 2879 1138 2946 principem,
1151 2875 1195 2944 qui
1215 2878 1310 2928 multos
1325 2875 1488 2928 subditorum
1505 2875 1619 2927 reddidit
1634 2876 1742 2928 inscrtu-

983 2954 1059 2997 natos
1074 2961 1081 2995 t
1096 2951 1174 3012 atque
1187 2950 1216 2994 ut
1228 2941 1299 2992 illius
1314 2941 1452 3006 ίανρεείοαι
1468 2941 1578 2993 subditis
1592 2941 1741 3002 infaustum,

983 3011 1021 3063 εἰσ
1033 3011 1146 3062 futurum
1161 3017 1187 3060 et
1198 3007 1249 3074 ipsi
1260 3008 1424 3086 quaudoque.
1435 3007 1491 3058 Hoc
1502 3006 1603 3058 ridetur
1614 3007 1666 3058 sibi
1676 3009 1744 3059 velle

983 3084 1075 3129 auctor
1092 3075 1298 3142 epigrammatis,
1320 3073 1366 3124 sed
1388 3088 1491 3124 versum
1509 3081 1549 3124 est
1570 3072 1743 3139 ineptissime.

983 3141 1185 3208 Accipicbamus
1198 3137 1338 3206 aliquando
1352 3138 1430 3190 aliter
1442 3150 1469 3189 et
1480 3141 1644 3190 vertebamur
1658 3155 1666 3188 τ

1024 3245 1079 3297 Ἀλλ’
1091 3244 1130 3307 ὅγ’
1141 3240 1177 3292 ίπ’
1192 3241 1289 3303 εόσεθίη
1302 3239 1345 3304 μὶν
1357 3240 1491 3299 όνόσσατα,
1505 3241 1598 3300 νήπιος,
1611 3241 1693 3292 όλόον·

1048 3312 1073 3368 tr
1084 3311 1110 3360 θλ
1123 3309 1194 3365 θεοὺς
1204 3307 1301 3357 tertul
1315 3307 1443 3372 δυστυχίαι
1454 3307 1545 3356 θεόθεν.
1566 3325 1579 3350 v
1631 3307 1742 3356 casaub.

983 3421 1029 3470 Vs.
1048 3420 1072 3468 1.
1092 3417 1218 3469 Salmas:
1235 3435 1249 3462 ε
1266 3413 1311 3466 Sic
1327 3429 1412 3480 graece
1427 3423 1568 3479 conceptus
1587 3413 1629 3464 hic
1643 3413 1744 3464 videtur

982 3485 1062 3536 inisse
1075 3481 1217 3535 versiculus
1231 3497 1238 3531 τ

1047 3585 1098 3636 Καὶ
1110 3585 1180 3650 priore
1193 3582 1310 3650 ἀρνεῖται,
1326 3581 1368 3632 τεαὶ
1378 3581 1450 3644 λόγος
1462 3581 1491 3631 οὐ
1504 3581 1609 3646 δέχεται.
1625 3600 1638 3625 ν

979 3695 1041 3746 Ιθαι.
1055 3696 1106 3745 ld.
1118 3693 1164 3746 Sic
1176 3691 1204 3744 in
1217 3697 1280 3743 vett.
1292 3690 1383 3758 script.
1399 3698 1512 3742 testante
1524 3688 1654 3741 salmasio
1668 3706 1674 3740 ε

1034 3795 1094 3837 Num
1107 3792 1195 3849 ploret
1205 3790 1263 3834 sella
1273 3795 1366 3846 poterat
1376 3789 1466 3848 dicique
1478 3789 1610 3846 videriqusr

1060 3844 1179 3902 imperlum
1189 3843 1272 3888 tetstix
1282 3851 1327 3895 est.
1341 3844 1386 3887 orit
1397 3842 1437 3887 illo
1448 3841 1502 3887 sibi.

983 3956 997 3983 ι
1011 3933 1144 3986 Macrinus
1156 3933 1198 3986 bis
1212 3933 1330 3984 versibus
1343 3930 1509 3998 respondisse
1523 3932 1625 3984 fertur:

1034 4035 1060 4080 Sl
1071 4033 1141 4097 talem
1152 4033 1247 4096 Graium
1258 4041 1282 4078 te
1295 4033 1405 4098 tulissent
1415 4032 1466 4096 ίειρ
1479 4039 1580 4088 poetam,

1034 4085 1511 4202 uippztffitpp’ptep'clffitzsofficarpi...
1522 4148 1607 4200 ποιμα

1060 4192 1139 4236 nullus
1150 4191 1284 4248 scripsisset
1296 4203 1401 4236 cermme
1411 4197 1473 4235 tetra
1482 4190 1545 4234 turbt.

985 4312 998 4338 ο
1017 4291 1065 4342 His
1080 4289 1199 4341 versibus
1213 4288 1346 4340 Macrinus
1362 4287 1440 4356 longe
1488 4287 1591 4355 jorlbue
1609 4304 1687 4354 quarn
1703 4290 1741 4340 illi

983 4355 1057 4408 latini
1072 4364 1141 4415 suut,
1161 4355 1326 4421 respondisse
1340 4370 1369 4405 se
1381 4353 1453 4406 credi
1472 4355 1512 4406 it:
1528 4355 1574 4405 sed
1590 4370 1643 4404 nou
1656 4355 1741 4405 minus

983 4431 1024 4473 est
1038 4421 1104 4475 risui
1120 4421 1225 4473 habitus
1242 4435 1320 4486 quam
1333 4428 1412 4487 poeta
1426 4419 1471 4471 ille
1492 4421 1537 4486 qui
1556 4421 1589 4470 de
1603 4435 1689 4488 gnomo
1703 4421 1740 4472 la·

983 4489 1037 4539 tine
1050 4493 1156 4538 coactus
1167 4493 1207 4538 est
1220 4485 1343 4537 scribere.
1360 4487 1410 4537 el.
1424 4485 1537 4552 Capitol.

1015 4619 1106 4670 xnv.
1126 4619 1164 4668 Βτ
1180 4616 1233 4669 lul.
1254 4616 1366 4684 Capitol.
1383 4616 1410 4667 iu
1425 4616 1496 4683 opit.
1518 4617 1630 4668 Moerin.
1651 4617 1713 4667 xlv
1733 4632 1740 4668 :

985 4705 998 4732 ε
1074 4684 1173 4735 Milites
1251 4681 1318 4734 inite
1335 4683 1457 4743 lectione.
1476 4682 1550 4733 illum
1574 4681 1740 4746 (Macrinum)

983 4749 1135 4802 occiderunt
1150 4765 1210 4799 cum
1226 4763 1307 4816 puero
1323 4761 1370 4799 suo
1389 4746 1559 4808 Diadumeno,
1576 4746 1677 4796 scilicet
1689 4749 1743 4796 Au-

984 4816 1073 4867 toniuc
1082 4813 1246 4880 cognomine,
1257 4815 1290 4864 de
1300 4829 1352 4930 ραα
1363 4813 1462 4864 dictum
1473 4821 1513 4864 est
1524 4813 1592 4878 quod
1601 4811 1629 4862 in
1643 4812 1741 4887 romnis

982 4880 1130 4932 Antoninus
1143 4880 1242 4931 inisset.
1256 4879 1298 4931 Uu
1317 4895 1331 4930 e
1350 4879 1429 4930 etiam
1442 4893 1533 4930 versus
1549 4885 1651 4928 exstant
1664 4878 1741 4942 λογον

983 4946 1054 4998 modi
1076 4959 1084 4997 t
1107 4943 1227 4996 Vidimus
1247 4945 1274 4995 in
1295 4943 1403 5004 somnis.
1423 4950 1475 4996 etc.
1490 4945 1524 4994 tlt
1541 4942 1584 4994 isti
1600 4958 1689 4993 versus
1710 4959 1741 4992 ex

984 5027 1071 5077 groco
1088 5009 1209 5062 translati
1226 5017 1287 5061 sunt
1305 5010 1332 5060 iu
1348 5010 1467 5061 latinum.
1486 5009 1555 5060 Nem
1571 5009 1662 5059 Graece
1680 5021 1740 5058 sunt

984 5073 1148 5128 disertissimi
1164 5075 1300 5127 :videntur
1313 5083 1399 5126 autem
1412 5073 1477 5125 mihi
1491 5075 1525 5126 ab
1539 5073 1626 5141 aliquo
1640 5075 1740 5138 vulgum

984 5151 1060 5209 poeto
1080 5141 1315 5193 maurianense.»
1336 5169 1366 5179 —·
1383 5141 1428 5192 Vs.
1447 5143 1472 5190 5.
1491 5139 1562 5191 Satis
1582 5155 1615 5204 ap
1635 5148 1693 5189 aret
1711 5155 1740 5187 οε

985 5208 1101 5260 versione
1114 5210 1148 5259 ls.
1164 5209 1309 5258 Gesoubon.
1324 5205 1420 5272 legisse
1433 5210 1495 5258 unte
1513 5219 1562 5272 pro
1578 5206 1604 5256 ίιι
1640 5241 1646 5256 .
1664 5226 1677 5251 ι
1689 5205 1743 5254 Pa·
