4116 6022
282 465 340 523 lll!

282 597 316 650 Et
329 591 359 650 tt
372 613 428 660 κεν,
444 591 544 664 ηιλίου
559 595 606 647 σὺν
621 588 747 670 Παρθένῳ
763 593 935 668 ίρχομίνοιο,

284 683 420 760 ίσπιρινός
433 682 554 756 σεισμός,
569 677 648 742 λαοῖς
660 681 720 734 τότε
733 676 833 754 λοιμός
844 677 944 734 ἅπασιν

284 769 399 824 ίσσεται·
413 768 544 846 ἠμερινός
559 763 588 822 δί
603 769 694 844 ρανείς
706 767 827 844 καρποὺς
839 761 1021 840 καταόλάίγει.

241 975 271 1024 ³5
283 943 316 998 El
330 939 355 996 δ’
367 941 400 997 δν
414 941 550 1018 όπωρινήν
566 939 608 996 ἐπ’
620 942 767 1018 ἰσημερίην
782 940 915 1015 ἀφίκηται

282 1027 387 1100 ηίλιος,
403 1027 505 1106 χηλαῖς
518 1026 676 1105 διαφαίνων,
693 1027 843 1103 νυκτερινός
856 1024 886 1081 δί

283 1119 395 1192 κινηση,
411 1119 521 1192 καρπῶν
536 1111 619 1184 δηλοῖ
632 1111 731 1190 φθόρον
746 1107 934 1188 ίξαναφύντων

282 1205 374 1278 γαίης·
392 1203 473 1280 ὥραις
485 1199 509 1256 δ’
523 1202 675 1278 ἠμιριναῖς,
691 1197 818 1275 χαλεπῆς
831 1196 893 1254 τόδε
908 1195 1005 1276 φράζει

283 1291 349 1368 ἔργα
363 1292 465 1366 μάχης·
479 1286 601 1350 πολλοὺς
615 1285 639 1341 δ’
653 1289 741 1342 αὐτῶν
755 1289 902 1362 κατάγαῖα
912 1285 1040 1362 καλύψει.

244 1617 250 1632 Ι
282 1553 315 1608 at
329 1548 360 1607 δί
372 1570 429 1616 κεν,
442 1548 540 1621 ἠελίου
552 1549 599 1604 τόν
615 1549 747 1624 Σκορπίον
762 1546 951 1624 ἀμριθίοντος,

282 1643 408 1716 νύκτερος
419 1635 533 1714 όρμηθῇ
546 1637 629 1712 γαίης
642 1633 736 1706 σάλος,
753 1637 819 1714 ίργα
836 1637 939 1710 μάταια

283 1723 412 1805 ἀνδράσιν
427 1726 562 1795 ίσοονται,
578 1720 859 1801 κακορραδμοσόνησι
873 1725 959 1777 νόοιο·

281 1815 412 1892 ημερινός
426 1809 456 1868 δί
472 1813 572 1889 ρανείς,
588 1813 651 1866 τότε
663 1807 699 1880 δὴ
713 1814 774 1866 τότε
789 1809 876 1885 ἄλγεα
891 1805 986 1886 ρράζει

284 1900 407 1957 ίσσεσδαι
420 1897 561 1957 πολίεσσιν
578 1898 634 1954 tet
647 1896 789 1974 πτολίμου
803 1901 939 1976 κρυεροῖο,

284 1991 349 2066 ἔργα
366 1991 548 2064 ματαιότατα,
564 1987 649 2057 Ζηνός
665 1985 787 2062 μεγάλου
803 1983 849 2040 διά
866 1984 979 2060 βουλάς.

283 2163 314 2216 ut
329 2159 359 2217 δί
374 2181 430 2232 κεν,
445 2162 471 2216 iv
489 2163 572 2237 μοίρῃ
588 2163 637 2214 τοῦ
650 2154 770 2223 Τοξότσυ
783 2157 892 2229 ἠελίοιο

283 2252 474 2327 στρωρῶνεος,
489 2251 569 2324 γαῖαν
584 2249 684 2322 κινηση
698 2247 889 2324 Κυανοχαίτης

282 2336 445 2414 νυκτερινός,
463 2339 578 2411 σημεῖον
594 2331 717 2411 όλίδριον
732 2335 836 2390 ίοσεται
850 2331 954 2411 ἀνδρῶν

282 2422 406 2481 πολλῶν·
423 2423 555 2500 ἡμερινὸς
566 2420 596 2476 δί
611 2423 712 2498 patale,
728 2420 834 2478 πόλιον
852 2419 966 2496 βασιλῆϊ

283 2514 414 2588 σημαίνει
431 2508 556 2586 μεγάλην
568 2511 652 2585 τιμήν
666 2512 714 2564 καί
727 2513 851 2586 σκῆπτρα
862 2506 978 2564 λιπόντα

281 2598 355 2677 άλλη
373 2595 530 2676 ίποίχισδαι
541 2595 665 2674 φεύγοντ’
679 2597 733 2652 ἀπό
748 2593 876 2675 πατρίδος
890 2597 962 2667 αίης.

281 3037 312 3092 ut
327 3033 352 3091 δ’
367 3035 411 3108 δν,
429 3036 455 3090 is
469 3036 643 3113 Λίγοκίροιτι,
660 3033 704 3090 όθι
714 3033 931 3113 τροπαίήελίοιο

279 3123 447 3200 χιιμεριναί,
464 3125 625 3199 στείχοντος,
642 3118 703 3186 ίδος
720 3120 818 3198 χθονός
835 3122 944 3197 ίννυχος
959 3118 1042 3177 ίλδὼν

282 3210 427 3288 Σεισίχθων
441 3213 522 3287 γαίαν
536 3213 636 3286 κινηση
651 3214 785 3286 πνεύματι
797 3205 903 3287 λάδρερ,

282 3297 382 3376 φράζεο
397 3296 432 3368 δὴ
448 3297 571 3374 πόλεμον
584 3299 631 3352 καί.
645 3295 750 3375 δάκρυα
764 3301 834 3353 τοῖσι
847 3295 982 3373 γενέσθαι,

281 3391 328 3443 καὶ
340 3391 443 3443 στῶσιν·
458 3386 589 3464 ημερινός
603 3382 632 3440 δί
649 3388 739 3462 ρανείς
752 3384 942 3464 καρπορθόρος
956 3387 1040 3444 ἔσται.

552 3938 599 3992 sot
612 3943 639 3990 ist
655 3941 769 4006 Virgine.

282 4039 320 4099 Si,
336 4041 397 4090 dum
412 4039 534 4090 Phoebeis
548 4039 630 4090 radiis
645 4040 747 4090 Astraea
760 4039 876 4098 calescit,

282 4129 423 4174 nocturnus
434 4122 524 4186 fragor
537 4129 587 4185 est,
600 4121 712 4187 populns
726 4121 777 4172 lert
790 4120 910 4172 omnibus
925 4129 1010 4172 atram

281 4205 325 4257 ille
339 4205 435 4256 samem
450 4220 457 4255 ε
473 4205 561 4270 fruges
575 4205 640 4256 sotis
655 4213 696 4256 est
709 4203 809 4255 laesisse
823 4205 927 4255 diurno.

568 4325 614 4376 Sol
628 4326 655 4376 in
668 4323 756 4375 libra.

281 4435 344 4484 Cum
358 4441 447 4496 noctes
460 4433 583 4498 lucesque
597 4447 674 4498 pares
686 4434 766 4484 Libra
777 4433 876 4492 leserit,
890 4439 916 4483 et
927 4432 967 4483 sol

281 4516 329 4566 ibit
342 4514 369 4566 in
383 4522 545 4575 autumnum,
560 4513 645 4564 noctis
660 4515 682 4564 si
697 4521 814 4580 tempore
826 4515 904 4565 tellus

280 4597 372 4662 mugit,
388 4595 513 4648 abortivis
527 4597 653 4661 pallescet
666 4595 785 4660 frugibus
799 4611 896 4659 annus3

280 4683 354 4731 clara
366 4680 422 4730 dies
436 4687 535 4730 motum
548 4679 661 4730 similem
676 4679 699 4730 si
713 4680 834 4742 senserit,
849 4681 945 4732 adsunt

280 4763 381 4829 praelia,
395 4763 508 4813 funereis
522 4763 599 4813 tellus
613 4771 734 4828 assurget
746 4763 855 4814 acervis.

553 4879 598 4931 Sol
611 4881 638 4930 ist
652 4881 768 4945 Scorpio.

282 4989 349 5040 Dum
363 4991 446 5040 solem
460 4987 564 5050 retinet,
580 5003 637 5055 quas
651 4995 677 5039 te
691 4989 756 5054 pede
770 4990 847 5052 laesit,
862 4991 952 5051 Orion,

283 5070 376 5129 bestia,
389 5079 516 5122 nocturno
530 5071 644 5137 trepidet
656 5072 679 5122 ei
693 5079 765 5122 terra
779 5073 900 5134 tumultu,

282 5161 369 5218 empta
380 5153 464 5205 viratus
478 5155 565 5205 stultis
579 5171 670 5206 cernes
683 5170 823 5207 vanescere
837 5157 920 5216 curin

282 5245 327 5287 aut
339 5237 361 5287 si
376 5239 433 5288 luce
448 5248 552 5302 tremat,
563 5240 619 5305 jam
633 5241 717 5290 luctus
728 5241 836 5293 urbibus
848 5240 945 5291 instant

736 457 992 518 ANTllOLOGlAE
1013 457 1162 518 GllAECAE
1183 459 1407 519 aurunulcls

1096 595 1144 651 Sin
1158 605 1258 664 sutem,
1272 597 1328 653 sole
1342 614 1403 652 oum
1417 596 1528 669 Virgine
1542 596 1730 662 conveniente,
1761 597 1865 669 [uersis

1096 683 1267 756 vespertinus
1282 689 1374 740 motus
1384 687 1479 752 merit,
1495 683 1603 756 populis
1619 694 1685 738 tunc
1698 683 1786 756 pestis
1799 683 1864 738 uni-

1097 769 1163 836 erit3
1180 769 1293 826 diurnus
1305 776 1396 825 autem
1410 769 1433 825 si
1447 769 1615 842 apparuerit,
1634 769 1729 840 fruges
1740 768 1862 842 affliget.

1096 942 1145 998 Sin
1158 951 1249 1000 autem
1262 941 1416 998 autumnale
1430 942 1466 996 etl
1479 941 1668 1013 aequinoctium
1681 941 1789 998 venerit

1096 1029 1147 1098 sol,
1157 1033 1229 1087 later
1240 1029 1348 1086 lorlloee
1358 1029 1454 1086 scoot
1462 1029 1565 1096 lucens,
1575 1035 1779 1101 nocturnusque
1789 1032 1818 1086 N
1817 1047 1863 1100 ep

1766 1118 1861 1186 [natus

1098 1203 1257 1270 excusserit,
1276 1203 1385 1276 lrugurn
1400 1201 1502 1258 indicat
1521 1201 1668 1275 perniciem
1687 1203 1860 1258 nascentium

1097 1297 1186 1358 terra,
1202 1291 1278 1347 horis
1291 1297 1381 1346 ausen
1395 1289 1509 1356 diurnis,
1527 1307 1605 1346 sere
1618 1290 1701 1344 booce
1715 1289 1826 1344 nuntiat

1097 1395 1182 1451 opera
1191 1395 1290 1453 pugna
1300 1395 1306 1433 ι
1317 1377 1415 1433 multoe
1427 1385 1518 1432 autem
1530 1393 1622 1434 eorum
1632 1384 1706 1433 terra
1717 1383 1859 1448 conteget.

1097 1553 1143 1608 Sin
1161 1559 1261 1620 autern,
1277 1553 1333 1608 sole
1345 1551 1521 1624 Scorpionem
1535 1551 1772 1614 circumauferte,

1097 1645 1230 1695 nocturna
1243 1647 1304 1694 orta
1317 1639 1353 1694 sit
1365 1645 1444 1694 terrie
1459 1637 1585 1710 agitatio,
1601 1654 1686 1711 opera
1699 1654 1770 1693 vena

1098 1725 1163 1782 viris
1177 1732 1266 1792 erunt,
1282 1725 1495 1782 malis-consiliis
1508 1725 1606 1782 mentis
1620 1742 1627 1779 :
1775 1724 1860 1798 [lones

1098 1813 1196 1870 diurna
1209 1813 1232 1869 si
1247 1813 1417 1886 apperuerit,
1434 1819 1499 1869 tunc
1513 1829 1580 1868 sane
1593 1818 1659 1868 tuno
1677 1812 1786 1869 nuntiat
1807 1812 1858 1868 do-

1099 1903 1278 1957 luturos-esse
1293 1900 1449 1958 civitatibus
1464 1918 1499 1956 ex
1513 1899 1584 1956 bello
1599 1901 1745 1968 horrendo,

1099 2005 1183 2062 opera
1196 1987 1353 2058 vanissima,
1369 1987 1444 2044 lovis
1459 1987 1551 2061 magni
1565 2005 1616 2060 per
1627 1987 1749 2044 consilia.

1098 2164 1145 2221 Sin
1160 2171 1261 2230 autem,
1277 2164 1304 2219 in
1320 2163 1407 2236 gradu
1421 2163 1604 2220 Arcitenentis
1616 2163 1674 2219 sole
1774 2167 1856 2232 [Deus

1099 2257 1234 2315 versante,
1260 2257 1360 2306 terram
1383 2250 1498 2308 moverit
1520 2249 1857 2323 nigros—capillos-llubens

1098 2347 1255 2406 nocturnus,
1268 2337 1376 2410 signum
1393 2337 1573 2412 perniciosum
1586 2340 1606 2393 ι’.
1627 2354 1651 2394 e.
1668 2337 1696 2392 in
1712 2337 1856 2410 perniciem

1662 2423 1725 2492 [erit
1737 2423 1855 2479 virorum

1098 2513 1255 2582 multorum
1279 2513 1392 2568 diurnus
1411 2519 1501 2568 autem
1519 2511 1542 2566 si
1561 2511 1730 2584 apparuerit,
1749 2511 1856 2566 urbium

1797 2614 1825 2653 re
1846 2615 1855 2651 ι

1097 2687 1235 2762 significat
1252 2703 1352 2759 magno
1372 2687 1474 2743 honore
1494 2693 1521 2742 et
1539 2686 1662 2742 eumdem
1681 2599 1797 2759 sceptrii
1812 2616 1854 2740 εξ·

1774 2773 1855 2834 lictis.

1097 2865 1148 2922 alio
1167 2865 1242 2922 abire
1256 2863 1405 2938 lugientem
1418 2865 1514 2935 proctsl
1527 2879 1544 2918 a
1555 2859 1644 2935 patria
1659 2869 1741 2917 terra.
1763 2775 1768 2842 Ι

1096 3041 1144 3096 Sin
1158 3049 1259 3108 autem,
1276 3039 1303 3096 in
1324 3039 1499 3112 Capricorno,
1515 3037 1561 3093 ubi
1579 3037 1771 3096 conversiones
1789 3037 1856 3092 solis

1097 3129 1228 3186 hiemales
1241 3135 1315 3197 suat,
1330 3127 1446 3183 vadente
1460 3128 1523 3192 sole,
1540 3126 1632 3182 sedem
1644 3133 1779 3182 terrenam
1793 3142 1855 3180 noc·

1643 3215 1751 3281 [turnus
1760 3211 1856 3267 adiens

1096 3303 1333 3360 Terre-excussor
1346 3302 1469 3358 tellurem
1486 3300 1601 3357 moverit
1614 3299 1712 3374 spiritu
1735 3298 1853 3355 violento

1097 3389 1218 3462 intellige
1233 3407 1299 3446 sane
1313 3390 1412 3446 bellum
1427 3397 1455 3446 et
1469 3389 1595 3444 lacrimas
1607 3387 1641 3443 iis
1653 3388 1777 3443 euenisse

1098 3485 1127 3535 et
1144 3477 1318 3547 seditionem
1339 3477 1506 3550 diurnusque
1524 3475 1548 3532 si
1570 3475 1739 3549 apparuerit,
1764 3471 1853 3544 frugi-

1533 3561 1775 3636 [bus-perniciosus
1790 3561 1851 3616 erit.

1097 3939 1229 4000 horrendi,
1243 3954 1308 4004 quos
1322 3953 1392 3989 saara
1403 3939 1501 3988 dabunt
1514 3936 1658 3988 certamina
1672 3935 1763 3987 Martis

1097 4023 1282 4089 necquicquam
1295 4029 1429 4086 suscepta3
1443 4021 1529 4071 seruat
1539 4020 1576 4070 ita
1590 4021 1643 4070 lata
1657 4018 1793 4070 Tonantis.

1349 4147 1395 4197 Sol
1407 4149 1434 4198 in
1448 4148 1601 4213 Sagittario.

1097 4259 1167 4310 Dum
1175 4259 1255 4309 micat
1268 4258 1415 4309 arcitenens
1428 4259 1544 4308 Phoebeo
1556 4255 1653 4307 lumine
1666 4255 1773 4316 Chiron,

1096 4341 1118 4392 si
1130 4342 1187 4392 sola
1201 4355 1260 4391 cum
1274 4339 1363 4390 trifida
1375 4341 1510 4405 Neptunus
1521 4339 1631 4390 moverit
1641 4340 1727 4401 basta,

1096 4441 1145 4476 nox
1158 4424 1218 4484 erit,
1230 4423 1336 4474 exitium
1347 4423 1437 4474 multis
1449 4421 1603 4473 mortalibus
1617 4423 1706 4482 αίίεεες

1095 4517 1131 4571 at,
1144 4507 1166 4558 sl
1180 4508 1223 4558 lux
1235 4506 1322 4567 luerit,
1337 4505 1403 4572 regi,
1415 4505 1459 4571 qui
1473 4505 1596 4570 praesidet
1607 4503 1675 4566 urbi,

1095 4608 1204 4658 magnus
1216 4593 1300 4642 honos
1317 4590 1443 4656 primum
1458 4588 1504 4640 sed
1517 4603 1578 4639 mox
1595 4603 1644 4638 sua
1658 4595 1762 4652 sceptra
1777 4585 1855 4636 reliu-

1094 4673 1143 4725 ibit
1157 4674 1183 4724 in
1198 4674 1313 4724 externis
1325 4671 1441 4722 victurus
1456 4669 1550 4722 fluibus
1564 4671 1631 4719 exul.
1763 4667 1856 4732 [quens

1339 4797 1386 4850 Sol
1399 4799 1426 4848 in
1441 4798 1608 4862 Capricorno.

1094 4909 1174 4960 Flexa
1186 4924 1233 4974 per
1247 4907 1362 4974 aequorei
1373 4913 1462 4957 currat
1475 4904 1498 4955 si
1510 4919 1608 4956 cornua
1622 4901 1732 4954 monstri

1093 4993 1207 5044 Phoebus
1218 4999 1245 5042 st
1257 4990 1375 5051 hiberna,
1388 5003 1445 5054 qum
1458 4995 1513 5038 tum
1523 4986 1685 5051 longissima,
1700 4992 1776 5034 nocte
1788 4991 1829 5033 est

1093 5091 1138 5126 rex
1152 5073 1240 5140 pelagi
1251 5074 1338 5124 valido
1349 5071 1450 5136 quatiat
1461 5070 1603 5136 spiramine
1616 5077 1722 5128 terram,

1094 5173 1188 5225 aspera
1200 5157 1294 5208 seditio
1308 5155 1475 5220 lacrimasque
1489 5161 1515 5204 et
1529 5154 1598 5204 bella
1611 5160 1760 5218 sequentur.

1095 5239 1225 5292 Praedicet
1237 5239 1353 5305 peritura
1366 5246 1464 5288 tremor
1477 5246 1535 5288 sata
1548 5237 1607 5288 laeta
1622 5235 1738 5287 diurnus.
