4062 6018
285 423 341 481 tet
734 408 991 472 ANTHOLOGIAE
1013 405 1163 466 GRAECAE
1184 404 1411 464 APPENDICIS

497 553 545 609 75.
571 547 630 628 (es)
658 554 840 607 ’retenone

284 688 346 742 Υίόν
362 681 519 762 ὑπερθύμου
535 665 720 759 λνόραίμονος
732 675 785 748 ἠδέ
800 673 931 752 θυγατρός

324 776 430 851 Γόργης
441 775 491 842 τῆς
503 769 602 835 Οἰνέως
614 767 665 840 ἥδε
680 772 752 831 κόνις
764 767 884 840 κατέχει.

319 925 367 983 76.
392 919 453 1000 (15)
480 928 535 976 ’Eril
555 927 699 986 Ἰδομενέως
710 924 752 973 καὶ
763 921 887 983 Μηριόνου
899 917 1018 981 κειμένων

586 1017 611 1066 έν
623 1015 745 1076 Κνωσσῷ.

284 1141 422 1195 Κνωσσίου
437 1121 586 1213 Ῐδομενῆος
600 1135 664 1212 όρᾷς
677 1135 773 1208 σάρον·
791 1131 877 1207 αὐτὰρ
891 1127 944 1204 epe
960 1129 1007 1182 τοῦ

324 1225 441 1300 πλησίον
454 1222 570 1302 ἵδρυμαι
583 1225 724 1300 Μηριόνης
739 1221 753 1276 ό
769 1217 875 1277 Μόλου.

324 1371 373 1428 Τί.
399 1364 459 1447 (18)
490 1374 545 1424 Ἐπὶ
556 1373 717 1434 Τληπολέμου
732 1370 847 1432 κειμένου
863 1367 888 1417 έν
909 1364 996 1430 Ῥόδῳ.

274 1488 332 1560 σλό’
345 1487 517 1581 Ἡρακλείδην
532 1494 674 1578 ῥηξήνορα
688 1495 859 1572 θυμολέοντα

324 1588 508 1667 Τληπόλεμον
522 1591 633 1665 κατέχει
647 1590 821 1663 κυματόεοσο
836 1568 931 1647 ῥόδος.

481 1795 531 1862 78.
554 1795 616 1878 (40)
646 1805 701 1856 Ἐπὶ
716 1805 849 1863 Δηῑπύλον.

288 1924 430 1999 Δηῖπόλου
445 1929 546 2004 κόρσης
561 1920 679 1988 εὐειδέος
692 1905 837 1999 ὁρμενίοιο

326 2017 424 2093 μνῆμα
437 2011 651 2070 τόδέὗκλεινόν·
664 2011 773 2088 γείνατο
788 2008 982 2086 Τληπόλεμος.

364 2158 413 2215 79.
437 2151 498 2234 (Π)
529 2161 583 2214 ’set
595 2159 692 2224 Νιρέως
705 2158 821 2223 κειμένου
834 2157 859 2208 έν
872 2158 959 2222 Τροία.

284 2264 388 2336 dolete
401 2277 447 2334 τόν
462 2275 609 2334 κάλλιστον
624 2272 785 2351 έπιχθονίων
801 2274 847 2351 έχτ
860 2276 938 2350 γαΐα,

323 2368 417 2446 Νιρέα,
434 2365 479 2422 τόν
492 2365 623 2443 Χαρόπου
635 2361 722 2419 παῖδα
736 2365 783 2419 κοιλ
793 2345 927 2439 λγλαίης.

383 2506 432 2566 80·
457 2501 518 2584 (99)
548 2510 603 2562 ’Eat
615 2511 750 2561 Φειδίππου
764 2509 807 2560 καλ
827 2509 945 2574 λλντίρου.

286 2625 436 2685 Φείδιππον
450 2629 552 2705 Τροίην
565 2623 692 2705 πέροαντ’
705 2622 752 2694 ηδ’
767 2607 882 2702 Ᾰντιρον
896 2624 956 2702 ἥρω

328 2719 389 2794 (αἶα
402 2718 507 2795 πατρίς,
524 2718 606 2791 κώμη
621 2711 669 2783 ἥδ’
684 2697 781 2791 8ρύρα
793 2715 914 2791 κατέχει.

358 2859 407 2919 81.
431 2855 471 2939 (A)
501 2866 557 2916 Ἐπὶ
581 2865 703 2930 ’λχιλλέως
716 2865 832 2928 κειμένου
846 2862 871 2914 έν
881 2863 967 2930 Τροία.

285 2981 374 3041 ίίαῖδα
390 2981 453 3047 θεᾶς
466 2978 576 3045 Θέτιδος
588 2977 756 3054 Πηληῖάόην
768 2963 881 3058 Ᾰχιλῆοι

322 3069 369 3144 ἥδ’
384 3072 443 3151 ίερόι
457 3071 606 3149 Προποντίς
619 3069 705 3146 ἀμφίς
718 3068 777 3146 έχει
790 3065 886 3146 πεδίῳ.

482 3211 531 3270 88.
556 3207 596 3288 (5)
627 3216 682 3268 Ἐπὶ
695 3214 741 3267 τοῦ
756 3215 843 3268 αὐτοῦ.

285 3336 422 3404 Θεσσαλός
436 3335 514 3403 οὗτος
528 3339 598 3415 ἀνὴρ
613 3320 730 3415 ιλχιλεὺς
744 3337 770 3392 έν
782 3334 852 3412 τῷδε
866 3334 998 3392 τέθαπται

321 3423 428 3506 riphe·
446 3425 600 3505 έθρηνηοαν
616 3421 640 3479 δ’
657 3427 733 3480 ίννέα
747 3421 876 3502 Πιερίδες,

304 3571 352 3630 83.
377 3567 418 3649 (6)
448 3577 502 3625 ’eit
516 3575 663 3640 Πατρόκλου
678 3576 793 3640 κειμένου
808 3577 870 3638 μετὰ
893 3577 1022 3640 Ἀχιλλέως,

1340 517 1385 590 Th.
1401 541 1485 607 Super
1499 541 1629 591 Thoante.

1105 665 1200 721 Filium
1213 665 1380 740 magnanimi
1392 664 1580 722 Andraemonis
1596 671 1624 722 et
1635 664 1697 721 iiliae

1138 753 1245 828 Gurges
1259 754 1345 812 OEnei
1358 753 1435 810 hicce
1449 753 1538 828 pulvis
1551 761 1637 810 tenet.

1133 902 1177 956 78.
1192 905 1276 972 Super
1288 906 1428 957 Idomeneo
1443 913 1469 956 et
1480 905 1598 956 hiericus
1611 906 1702 956 cnossi
1716 903 1836 970 sepultis.

1102 1108 1209 1168 Cnossii
1223 1109 1359 1168 Idomenei
1370 1109 1449 1168 vides
1463 1109 1632 1185 sepulcrum
1644 1114 1726 1183 etque
1739 1126 1792 1184 ego
1807 1126 1868 1166 eum

1138 1215 1224 1272 prope
1238 1198 1346 1272 positus
1359 1216 1419 1254 sum
1434 1199 1571 1254 Meriones
1587 1196 1653 1253 Moli
1666 1201 1749 1269 tilius.

1216 1345 1261 1398 77.
1277 1349 1362 1415 Super
1376 1347 1529 1412 Tlepolemo
1544 1345 1630 1396 Rhodi
1644 1347 1757 1411 sepulto.

1104 1474 1199 1530 Hecce
1227 1472 1390 1530 Heracliden
1416 1469 1717 1546 qui-riroelrcngehet,
1746 1470 1868 1528 leonino·

1609 1559 1866 1632 [enimc-preditum

1139 1647 1323 1723 Tlepolemum
1336 1654 1413 1704 tenet
1425 1646 1679 1720 fluctibus-pulsate
1693 1645 1819 1703 Rhodus.

1351 1801 1394 1856 78.
1410 1805 1495 1870 Super
1507 1803 1628 1871 Deipyle.

1105 1921 1212 1995 Deipyli
1226 1919 1324 1994 cepitis
1339 1921 1451 1976 formosi
1466 1920 1652 2006 Ormcnoneti
1762 1922 1867 1992 [lomus.

1138 2019 1345 2068 monumentum
1360 2011 1445 2068 hocce
1459 2011 1620 2085 preclarum
1635 2029 1642 2068 ι
1657 2011 1754 2086 genuit
1767 2014 1870 2087 Tlepo-

1214 2151 1268 2212 79.
1284 2163 1369 2227 Super
1381 2161 1461 2212 Nireo
1474 2160 1502 2211 in
1515 2161 1619 2213 Troade
1633 2163 1745 2228 sepulto.

1104 2280 1155 2337 llic
1167 2279 1379 2355 pulcherrimum
1392 2277 1581 2337 terricolerum
1597 2279 1682 2336 hehet
1697 2281 1806 2347 humus,

1140 2369 1232 2438 Niree,
1249 2367 1367 2443 Charopi
1382 2367 1468 2424 filium
1483 2375 1512 2425 et
1524 2369 1638 2443 Aglses.

1251 2508 1295 2564 80.
1311 2511 1397 2578 Super
1410 2511 1542 2577 Phidippo
1557 2518 1583 2562 et
1595 2511 1720 2578 Antipho.
1790 2495 1791 2498 Ἴ

1104 2630 1270 2706 Phidippum
1281 2628 1578 2704 qui-Troiam-vestevit
1588 2635 1616 2686 et
1626 2629 1776 2703 Antiphum
1786 2630 1871 2687 heroo

1139 2727 1215 2776 terre
1227 2719 1327 2793 petrin,
1344 2719 1419 2774 vicus
1433 2717 1510 2773 hicce
1527 2717 1638 2790 Ephyre
1652 2725 1735 2774 tenet

1217 2866 1261 2921 81.
1273 2870 1358 2936 Super
1370 2867 1473 2918 Achille
1488 2866 1514 2916 iu
1527 2867 1630 2917 Troade
1643 2867 1755 2932 sepulto.

1103 2990 1200 3047 Filium
1214 2988 1272 3046 dem
1285 2986 1417 3044 Thetidos
1432 2984 1562 3043 Peliaden
1576 2985 1698 3042 Achilleo

1139 3078 1229 3134 hocce
1243 3093 1323 3134 sacre
1335 3073 1485 3148 Propontis
1499 3071 1600 3130 circum
1615 3078 1691 3131 tenet
1705 3073 1774 3131 solo.

1351 3223 1393 3275 et.
1413 3223 1498 3288 Super
1515 3221 1617 3272 eodem.

1102 3344 1251 3403 Thessalus
1266 3343 1309 3400 ille
1324 3343 1366 3399 vir
1379 3341 1518 3399 Achilleus
1533 3341 1560 3398 in
1573 3341 1657 3398 hocce
1671 3341 1795 3416 sepultus
1809 3349 1854 3399 est

1137 3434 1240 3492 tumulo
1258 3451 1264 3488 :
1281 3450 1361 3506 quem
1376 3430 1511 3487 deflevere
1525 3447 1623 3488 norem
1637 3430 1771 3488 Pierides.

1184 3577 1229 3632 83.
1246 3582 1330 3647 Super
1347 3579 1469 3630 Patroclo
1483 3547 1543 3628 cum
1559 3578 1662 3629 Achille
1676 3579 1789 3644 sepulto.

284 3692 444 3771 Πατρόκλου
459 3696 544 3770 τάφος
555 3688 644 3756 οὗτος·
660 3692 731 3768 ὁμοῦ
749 3688 773 3746 δ’
787 3674 892 3768 Ᾰχῑλῆῖ
904 3691 1045 3748 τέθαπται·
1103 3701 1222 3758 Patrocli
1233 3699 1387 3773 sepulcrum
1398 3699 1463 3764 hoo;
1476 3714 1537 3752 cum
1550 3696 1655 3752 Achille
1668 3696 1793 3770 sepultus
1806 3705 1871 3753 est:

323 3783 352 3836 όν
367 3783 461 3836 κτάνεν
477 3783 547 3845 ὠκὺς
560 3764 633 3858 Ᾰρης
644 3763 762 3858 8κτορος
776 3782 803 3834 έν
817 3779 969 3856 παλάμαις.

286 3929 492 3942 ῌ-ι--ι-

546 4019 587 4066 ts.
605 4017 643 4066 De
661 4017 782 4067 Thoante.

284 4109 329 4160 Cui
343 4117 418 4176 peter
429 4110 588 4160 Andraemon
602 4107 770 4166 fortissimus,
784 4109 883 4173 optime
898 4111 986 4175 Gorge

317 4195 407 4246 OEneis
419 4193 541 4260 genitrix,
553 4193 604 4243 heo
615 4191 757 4260 requiescit
767 4192 855 4242 humo.

340 4307 382 4354 ld.
401 4305 439 4354 Dc
454 4305 588 4366 Idomeneo
600 4308 626 4354 et
640 4305 762 4367 llerpone
773 4304 830 4352 silis
841 4305 869 4354 in
883 4303 987 4354 Gnosso.

283 4397 407 4448 Cnossius
419 4396 574 4447 Idomeneus
588 4396 638 4446 hoo
650 4393 771 4446 conditur
784 4409 896 4462 aggere3
911 4402 1019 4463 propter

315 4482 384 4532 hunc
395 4495 443 4547 ego
458 4478 589 4530 Meriones
603 4494 661 4530 sum
675 4476 750 4539 situs,
762 4477 807 4528 ille
820 4477 893 4528 Moli.

432 4583 473 4632 Π.
487 4582 526 4632 De
540 4580 682 4647 Tlepolemo
693 4580 794 4646 sepulto
806 4580 898 4631 Rhodi.

281 4673 450 4738 Belligerum,
467 4688 517 4738 quo
531 4689 580 4725 nec
591 4674 633 4725 leo
644 4673 748 4732 fortior,
761 4673 874 4724 Hercule
887 4679 978 4724 netum

316 4755 497 4823 Tlepolemum
508 4756 575 4823 tegit
587 4758 644 4810 hoeo
660 4771 766 4824 sequere
780 4755 867 4808 cincto
880 4757 996 4808 Rhodos.

551 4861 592 4910 78.
610 4860 649 4911 De
665 4858 781 4925 Deipyle.

284 4949 388 5015 Deipyli
399 4957 569 5002 monuments
580 4949 652 5002 vides
664 4949 787 5010 illustris,
802 4950 912 5016 pulcher

317 5033 428 5101 quisuit,
445 5035 583 5086 Ormenius
596 5035 628 5086 de
642 5043 717 5104 petre
732 5034 893 5102 Tlepolemo.

457 5145 498 5196 te.
516 5147 556 5197 De
568 5145 646 5198 Nireo
660 5147 710 5197 sito
725 5146 752 5197 in
765 5145 873 5196 Troade.

283 5241 332 5291 Hic
348 5239 414 5293 situs
428 5249 476 5304 est,
489 5240 610 5291 homines
622 5241 706 5294 forme
721 5239 765 5306 qui
779 5237 878 5290 vicerat
890 5255 991 5302 omnes,

1139 3807 1221 3864 quem
1235 3787 1335 3844 occidit
1349 3785 1462 3860 rupidus
1478 3786 1553 3840 Mors
1566 3784 1692 3840 Hectoris
1706 3784 1846 3841 menibus

1135 4022 1240 4080 Nireus,
1260 4036 1290 4070 ex
1304 4020 1426 4082 Charopo
1439 4023 1517 4066 nctus
1531 4022 1558 4067 et
1569 4015 1673 4080 Aglaie.

1278 4123 1319 4170 8⁰.
1338 4122 1378 4171 De
1389 4120 1515 4184 Phidippo
1528 4121 1555 4169 et
1564 4117 1688 4182 Antipho.

1103 4215 1261 4281 Phidippum
1274 4213 1362 4279 TroJ'ae
1377 4211 1543 4273 domitorem,
1560 4211 1692 4274 heresque
1703 4225 1845 4274 magnum,

1135 4297 1278 4364 Antiphon,
1291 4296 1335 4348 hic
1349 4297 1459 4360 Ephyre,
1475 4309 1533 4359 quse
1547 4292 1619 4343 dedit
1631 4291 1698 4356 ipse,
1712 4290 1787 4358 tegit.

1131 4409 1172 4456 8l.
1190 4407 1229 4458 De
1240 4403 1351 4465 Achille,
1364 4406 1410 4472 qui
1424 4405 1452 4455 in
1465 4403 1565 4454 Troade
1572 4404 1663 4470 jocet3
1675 4401 1771 4453 colitur
1784 4415 1847 4455 vero

1350 4493 1377 4540 et
1388 4491 1415 4539 ιἰι
1428 4490 1510 4539 Leuce
1521 4485 1619 4538 insula.

1102 4585 1149 4636 Cui
1162 4589 1240 4651 peter
1251 4589 1291 4634 est
1304 4583 1409 4642 Peleus,
1421 4580 1514 4632 Thetis
1525 4587 1566 4631 est
1576 4579 1619 4630 cui
1631 4584 1724 4638 meter,
1736 4578 1869 4628 Achillem

1135 4669 1185 4719 heo
1199 4669 1247 4720 sub
1259 4667 1339 4718 humo
1352 4667 1471 4717 clausum
1483 4679 1560 4716 secra
1575 4661 1716 4728 Propontis
1729 4659 1794 4712 chit.

1322 4769 1363 4820 82.
1383 4768 1422 4819 De
1433 4767 1522 4818 eodem
1534 4765 1656 4818 alterum.

1102 4855 1869 4924 MortuushencsubhumumoumThesselusivitAchilles,

1136 4946 1387 5012 Pierides-lacrimis
1399 4943 1573 5010 permeduere
1584 4957 1688 4993 novem.
1792 4957 1795 4964 ¹

1240 5057 1281 5108 83.
1300 5057 1339 5108 De
1351 5055 1470 5107 Patroclo
1485 5069 1544 5106 cum
1555 5051 1655 5104 Achille
1668 5053 1728 5102 etto.

1104 5148 1361 5203 Patroclushicsitus
1370 5154 1419 5208 est,
1429 5147 1528 5198 tumulo
1536 5161 1639 5212 quoque
1644 5143 1752 5210 junctus
1759 5142 1869 5204 Achilli,

1138 5251 1214 5300 quem
1230 5235 1302 5284 Mers
1314 5233 1370 5299 ipse
1380 5247 1458 5283 manu
1471 5231 1583 5297 perculit
1594 5231 1736 5280 Hectorea.
