4008 6030
654 421 692 480 IN
715 419 838 480 CAPUT
859 418 899 480 VI
919 417 1151 479 ΑΝΝΟΤΑΤΙΟ.

104 555 241 604 emendavi
254 563 284 604 ut
296 553 376 619 potui.
385 555 574 617 Interpretatur
584 549 767 601 Constantinus
777 565 783 598 :
794 553 871 598 Τουτ-

103 621 173 670 έιττιν
188 624 202 671 d
214 619 308 687 καρπὸς
322 619 366 670 τοῦ
381 621 446 670 θείου
457 618 534 681 νόμου
544 618 618 680 ἤγετο
631 618 663 672 τίς
674 618 766 682 χρείαν,
779 642 810 653 -
822 616 868 663 Vs.

105 687 148 736 ll.
166 686 300 736 Libentius
317 686 431 752 legerem
456 685 595 747 παθησέμεν
610 683 640 748 (λ)
656 682 724 747 qnod
751 679 871 731 convenit

105 767 167 802 cum
172 749 453 818 Virgilienneententic
460 765 467 799 t
474 765 525 800 non
533 749 727 814 potietur-vinea
734 747 871 796 falcem.-

105 819 153 868 Vs.
169 818 210 868 ll.
222 838 235 865 ι
246 818 398 884 παρατρίψει
410 817 554 866 λιθάδεσσιν.
565 814 655 865 Malim
665 813 781 864 scribere
794 829 872 877 παρα·

105 885 194 948 πρέψιι
202 891 232 933 nt
240 890 280 934 ert
292 882 319 932 in
326 881 438 934 schedis.
445 882 586 946 Eleganter
594 880 662 929 enirn
671 879 765 929 dicitur
771 880 870 944 πρέπειν

106 950 137 1008 τῆ
150 949 242 1008 ἐσθῆτι.
256 949 349 1000 Scribo
358 947 437 998 etiem
445 949 512 1012 πέρα
520 945 670 1010 disjunctim
679 953 708 995 ut
719 943 872 995 estinlibro

107 1001 263 1066 rutatum.
284 1015 367 1064 rano
384 1023 443 1080 poe
460 1013 517 1078 (vs.
540 1012 580 1075 so)
596 1011 686 1061 marim
703 1011 749 1076 σγα
763 1009 873 1067 semus

107 1083 119 1127 q
156 1079 209 1130 .in
230 1079 394 1146 imperativo.
419 1079 466 1128 list
489 1077 558 1128 enim
581 1077 761 1140 interpretatio
783 1089 873 1124 versus

133 1143 250 1209 rrgitisni
263 1147 355 1211 Aspice
366 1159 488 1204 connexo,
503 1148 551 1195 etc.
564 1162 576 1187 ιι
590 1142 673 1193 Vates.
686 1143 791 1191 Confert
805 1141 873 1189 idem

109 1211 178 1276 quod
192 1210 289 1276 legitur
302 1211 370 1262 inira
381 1209 408 1260 iu
423 1209 482 1274 ipsu
493 1209 610 1259 oratione
627 1209 723 1270 κόσμου
736 1209 874 1266 κητώτντσς

108 1281 156 1341 ὀρα
168 1278 227 1340 φησί
235 1278 277 1330 καὶ
292 1278 339 1326 τῶν
350 1279 477 1340 στοιχείων
488 1277 602 1325 ἁπάντων
616 1275 706 1340 χαράν.
717 1300 749 1310 ·-
758 1273 818 1323 Vss.
832 1273 872 1320 52.

109 1357 168 1408 sqq.
181 1343 267 1410 Vulgo
276 1344 399 1408 leguntur
408 1342 462 1392 sio:

192 1454 330 1510 Γηθὸσυνον
342 1453 364 1502 τ’
376 1453 465 1507 αίιῖινσς
476 1452 627 1514 δτιιρεσίου,
640 1450 724 1500 λάσιον
738 1449 795 1513 κῆρ.

194 1517 243 1568 είθτ
254 1537 284 1581 με
298 1518 415 1584 γηραλέον
430 1515 509 1574 ζῶντά
522 1517 544 1565 τ’
555 1516 596 1582 έχτ
608 1515 800 1579 νήδυμοςίσχύς,

193 1588 239 1644 σην
254 1586 342 1651 ἀρετὴν
357 1583 464 1634 κελαδεῖν
477 1583 514 1646 έφ’
529 1584 587 1632 θαον
601 1581 700 1644 δύναμίς
714 1595 744 1645 γε
754 1581 875 1646 παρείη...

112 1711 186 1760 quos,
207 1701 309 1744 mutate
332 1691 550 1757 interpunctione,
573 1691 720 1742 emendavit
744 1689 875 1741 Valesius.

112 1762 178 1812 rut.
197 1759 255 1812 cod.
276 1759 355 1816 ζῶντά
370 1775 397 1824 γι
418 1760 525 1819 νήδυμος
543 1756 621 1823 ἰσχύς·
643 1759 689 1818 σήν
704 1759 802 1823 ἀρετὴν,
825 1765 876 1808 etc.

113 1829 211 1892 absque
229 1827 309 1876 verbo
323 1825 372 1891 ίχε.
388 1845 402 1872 ι
422 1824 506 1875 Porro
522 1822 667 1874 monendus
687 1823 770 1874 lector
788 1838 877 1874 omnes

113 1894 161 1942 hos
175 1890 282 1956 Virgilii
293 1906 392 1950 verens,
403 1895 456 1940 tum
465 1888 492 1939 in
501 1889 567 1940 rut.
581 1890 649 1949 cod..
661 1895 715 1940 tum
725 1887 752 1938 in
763 1889 876 1950 nobedis,

114 1973 166 2008 non
175 1971 191 2008 s
200 1956 287 2022 capite
295 1955 388 2018 scribi;
397 1955 442 2006 sed
453 1954 537 2019 prims
546 1963 646 2006 tuntum
653 1953 778 2031 cujusque
787 1970 877 2005 versus

114 2023 241 2074 vocabule
264 2021 366 2073 modico
387 2021 473 2085 spatio
495 2035 511 2070 ε
533 2019 740 2085 praecedentibus
763 2019 876 2086 sejungi.

114 2089 188 2147 Quod
204 2087 263 2139 ideo
275 2088 304 2139 δέ
320 2086 381 2164 quia
393 2101 445 2136 non
456 2084 571 2138 continui
585 2085 728 2136 recitentur
738 2084 766 2137 hi
777 2101 876 2146 versus,

114 2155 160 2206 sed
174 2169 233 2204 cum
247 2155 346 2204 crebrts
356 2151 597 2203 interlocutionibus
607 2150 780 2204 Constantini.
794 2170 807 2197 ιι
822 2153 875 2203 Vol.

114 2221 166 2271 Sed
171 2219 423 2270 Volesiiemendetio
430 2233 482 2268 non
494 2218 615 2268 idoneum
625 2219 682 2268 loco
692 2216 834 2269 remedium
842 2218 878 2268 as-

114 2285 173 2336 lert.
187 2285 253 2345 Quid
267 2285 336 2334 enim
350 2293 390 2334 est
404 2284 484 2334 hocce
501 2283 542 2350 έχι
561 2283 629 2349 quod
649 2283 794 2334 lluketisno
818 2285 876 2335 cod.

114 2353 197 2402 ubest.
210 2351 270 2403 Uno
278 2357 379 2401 tentum
390 2356 491 2400 mutato
497 2350 577 2400 verbo
589 2364 692 2400 versum
706 2349 876 2401 restituimus.

113 2444 146 2453 -
157 2418 205 2467 Vs.
217 2419 258 2467 rt.
269 2417 336 2467 Rob.
348 2416 495 2481 Stephanus
505 2415 549 2479 qui
559 2416 627 2465 hunc
637 2430 740 2466 versum
748 2415 787 2466 sio
798 2415 878 2466 edidit

115 2481 189 2547 pueri
199 2481 283 2533 risum
295 2482 472 2546 intelligebet3
484 2481 529 2531 elii
542 2481 634 2531 matris
644 2479 726 2531 risum
735 2480 880 2547 significari

115 2549 211 2600 volunt.
221 2548 292 2599 -V.
302 2547 371 2599 docti
384 2547 490 2597 Benoist
500 2547 584 2612 (Virg.
596 2547 734 2612 linchette)
749 2556 838 2598 notum
852 2545 878 2598 in

114 2617 182 2664 hunc
195 2613 306 2666 Bucollc.
322 2614 408 2664 locum
417 2613 532 2664 vide-:
549 2627 625 2678 quem
637 2627 742 2664 sensnm
752 2612 879 2690 potiorem

114 2681 193 2731 habet
211 2679 354 2730 Valesius:
372 2679 428 2730 «In
452 2677 554 2730 schedis
570 2677 671 2743 Regiis,
689 2678 783 2745 inquit,
803 2685 830 2729 et
852 2679 879 2730 in

114 2745 274 2797 ood.1tnket.
283 2744 321 2796 ita
330 2745 453 2796 scribitur
460 2745 534 2810 ἄρχεο
548 2746 644 2808 μειδιῶν
661 2748 695 2802 ιῖις
708 2748 737 2794 ἂν
749 2747 813 2810 δρῶν
825 2749 878 2795 κτλ..

114 2813 151 2862 lix
160 2810 254 2877 quibus
261 2811 413 2862 facillimum
419 2817 475 2862 eret
486 2825 573 2862 rerem
580 2809 658 2876 hujus
665 2810 716 2862 loci
723 2812 879 2877 scripturum

115 2879 261 2928 restituere.
273 2875 318 2928 Sic
328 2875 409 2941 igitur
420 2877 529 2928 emendo
545 2892 551 2927 ι
567 2877 642 2942 σἰρχισ
655 2878 800 2940 μιιδιέοισαν
813 2879 878 2942 δρῶν

114 2945 157 3004 τὴν
173 2945 267 3007 μητέρα
286 2944 372 3002 κεδνὴν
387 2969 418 2982 ·-
427 2945 559 3006 γνωρίζειν.
571 2942 628 3002 Qus.
640 2942 743 3008 quidem
758 2945 879 2994 emendu-

115 3008 184 3060 tione
197 3009 293 3060 certius
302 3007 377 3059 nihil.
389 3027 402 3054 ν
419 3036 449 3047 -
464 3009 510 3058 Vs.
526 3010 567 3059 dt.
584 3029 597 3056 ιι
612 3009 699 3060 Verba
709 3008 814 3075 Virgilii
827 3025 879 3059 non

115 3082 185 3125 recte
206 3075 308 3151 accepit
328 3073 525 3133 Constantinus,
546 3089 595 3125 nec
617 3072 748 3140 interpres
762 3090 877 3140 griscus:

115 3139 153 3192 sic
175 3139 247 3191 enim
267 3138 405 3202 intellexit,
426 3138 501 3204 qussi
518 3139 628 3191 dixisset
644 3134 774 3206 Virgilius
799 3155 879 3207 puero

117 3211 238 3272 parentes
253 3221 304 3256 nou
324 3203 454 3269 arrisisse,
469 3219 519 3256 nco
536 3206 614 3257 deum
629 3205 669 3256 illi
686 3221 814 3268 mensem,
832 3222 879 3256 nec

116 3273 191 3322 deum
203 3270 288 3322 cubile
307 3269 489 3336 impertivisse.
508 3271 615 3323 Scilicet
627 3271 812 3324 Constentinus
826 3287 880 3322 ver·

115 3353 173 3389 sum
187 3337 261 3388 illurn
274 3335 380 3402 Virgilii
391 3338 479 3403 Incipe
486 3352 569 3402 parur
577 3353 644 3404 puer
657 3353 667 3388 .·
681 3339 725 3390 cui
737 3353 789 3390 non
799 3341 880 3390 risere

114 3407 236 3469 parentes
248 3405 297 3455 cic.
308 3403 446 3467 legendum
458 3403 556 3468 putarit
564 3419 616 3453 nno
629 3403 708 3454 ductu
718 3409 817 3470 ubsque
826 3405 881 3454 ulls

117 3467 283 3520 distinctione
297 3484 303 3518 ι
317 3468 404 3534 incipe
420 3484 497 3534 parve
511 3485 576 3534 puer
586 3471 632 3535 (tu)
645 3468 685 3519 cui
700 3476 751 3520 etc.
765 3489 778 3516 ιι
795 3469 851 3520 Vol.

149 3589 270 3642 CCLXV.
293 3591 395 3656 Ennsp.
413 3590 463 3640 Vit.
484 3591 629 3656 Ρίιέίοτορί.
651 3591 682 3642 rt
703 3591 883 3657 (titutum-

116 3656 203 3706 culum
227 3656 356 3720 quoddam
377 3657 445 3721 quod
465 3655 515 3706 sibi
541 3655 569 3706 in
590 3671 669 3708 manu
696 3655 819 3707 divinitus
845 3656 883 3707 in-

117 3720 243 3786 scriptum
261 3720 341 3772 fuisse
358 3731 404 3772 aut
421 3721 532 3772 credidit
545 3731 592 3773 aut
604 3721 735 3774 simulavit
747 3722 882 3784 AEdesius,

118 3794 146 3838 nt
153 3786 219 3837 elios
229 3787 263 3837 ed
273 3786 432 3838 eredendum
442 3786 470 3838 id
482 3788 632 3840 adduceret.
647 3789 686 3840 Ad
696 3787 884 3840 diuinationem

119 3852 259 3918 quemdum
278 3867 336 3918 quse
354 3853 433 3904 debet
458 3869 504 3920 per
520 3869 623 3919 precem
639 3863 716 3920 etque
737 3853 764 3904 in
785 3853 883 3906 somnis

118 3917 280 3982 confugerat.
295 3919 473 3970 Descenderst
483 3919 516 3970 sd
531 3936 622 3986 preces
636 3921 709 3982 deus,
722 3927 749 3970 et
766 3922 885 3970 hexsme·

119 3984 168 4034 tris
177 3983 296 4035 versibus
310 3984 444 4036 oraculum
460 3984 587 4045 ediderat,
598 3987 700 4052 quando
716 3985 828 4037 diductis
838 3984 884 4035 ille

120 4049 262 4116 palpebris,
282 4051 366 4102 sdhuc
386 4057 458 4101 metu
479 4053 644 4113 conterritus,
665 4052 785 4102 datorum
805 4049 885 4102 etiem

120 4130 220 4166 memor
236 4115 343 4183 (quippe
356 4115 541 4168 inenarrabilis
554 4117 599 4168 ille
613 4125 640 4170 et
651 4117 756 4168 caelicus
765 4132 885 4168 versuum

119 4187 264 4243 contextus,
271 4181 399 4234 memoris
405 4180 523 4247 dilapsus
533 4182 675 4246 excideret)
684 4198 792 4249 puerum
799 4191 884 4244 vocat,

121 4247 163 4314 qni
171 4246 886 4316 limpidemsqncm,udextergendsmseoiemetoculos

121 4313 243 4366 adferret.
263 4314 312 4365 Καί
329 4317 342 4363 δ
360 4316 471 4378 θεράπων
494 4315 554 4382 πρὸς
568 4315 642 4366 αὺτδν
655 4316 745 4376 έλεγτν·
761 4336 775 4363 ιι
796 4314 851 4366 Ἀλλ’
871 4317 886 4374 ἡ

121 4375 280 4502 ίλίὶἒλλίλ·
294 4379 889 4514 Ξλλίλλξὲλγῗέλῗίλίλὲ.ξῖλίίγλλθίζέλ..ἰ

120 4511 293 4591 προσκυνήσας
304 4513 347 4572 τὴν
361 4513 538 4592 έφυτουχεῑρα,
555 4515 594 4563 καλ
608 4514 638 4564 τὰ
652 4515 809 4577 γεγραμμένα
823 4505 888 4594 ρῦρε,

122 4577 289 4693 mgpqqqtdr
306 4579 345 4628 έπί
361 4595 404 4637 της
414 4581 495 4644 χειρὸς
505 4583 682 4646 γεγραμμένον·
698 4579 750 4630 ἔστι
764 4579 790 4628 δὲ
806 4592 886 4635 ουτος·

156 4759 289 4812 ccuxvt
303 4759 398 4812 Snidns
410 4777 434 4812 v.
445 4763 584 4820 Ἰουλιανός.
599 4763 728 4814 Martinus
739 4763 851 4830 (presset.
862 4763 890 4814 in

122 4825 221 4876 Julian.
231 4827 423 4893 Πίεοροροεεεπε
433 4844 459 4893 p.
473 4829 514 4891 θθ,
525 4831 638 4880 Ἰουλιαν.
648 4831 751 4896 αὐτοκρ.
761 4831 800 4881 'l'ci
811 4832 890 4886 Σιοζό-

124 4909 194 4957 μονα,
203 4893 278 4956 idid)
287 4892 338 4943 hoc
347 4893 482 4944 oraculum
495 4901 570 4959 putat
577 4910 657 4946 unum
669 4911 727 4946 esse
737 4911 796 4946 oum
808 4897 891 4946 altero

124 4957 193 5023 quod
211 4957 280 5022 apud
294 4959 414 5010 eumdem
427 4959 533 5011 Suidem
551 4960 821 5026 1οςίῑιισ,εσδθστορον
833 4962 892 5026 πρὸ-

124 5041 195 5089 τερον
206 5022 362 5075 collocutum
374 5040 440 5076 esse.
453 5025 513 5076 Vid.
524 5026 630 5078 Δοέλοί.
643 5027 729 5078 Ροίαί.
744 5029 817 5086 XlV,
835 5027 892 5087 tlt,

125 5091 249 5152 Γηγενέων
260 5093 331 5142 ποτέ.
342 5117 376 5129 -
387 5091 434 5142 Vs.
453 5093 477 5142 5.
493 5092 562 5144 Ante
575 5093 682 5144 Kuster.
698 5093 771 5145 editt.
792 5096 875 5150 ίθίων.

160 5221 303 5272 ccnxvu.
325 5222 421 5274 llario.
439 5222 467 5273 in
485 5223 572 5275 Procli
588 5226 651 5288 uilo,
664 5225 773 5277 XXVlll
784 5241 790 5276 :
802 5227 894 5295 (Πρίκι

1627 419 1682 476 5⁵7

923 551 972 608 λος)
987 549 1083 603 ἔδοξε...
1097 549 1151 602 ίτος
1164 547 1230 608 σἰγων
1243 549 1439 614 τετταρακοστὸν
1454 547 1513 614 ὄναρ
1526 551 1602 611 λέγειν
1613 551 1686 608 αὐτὸς

924 615 969 670 έπη
980 613 1090 664 τοιαῦτα·
1108 615 1178 664 ’Ἔνθ’
1190 615 1284 680 ίιπερ...

958 753 1113 804 CCLXVlll.
1134 751 1229 804 Murio.
1251 752 1313 803 idid.
1340 753 1381 818 (V.
1398 767 1470 804 orec.
1487 756 1628 820 snper.)....
1646 756 1686 806 καί

924 822 1038 884 δευτέρου
1051 821 1076 868 δὲ
1088 820 1158 876 ίτους
1171 819 1305 883 ἀρξάμενος
1316 819 1355 868 tut
1371 821 1421 875 τοῖς
1435 821 1618 884 τετταράκοντα
1633 839 1688 870 κεκ-

926 888 1005 952 ραγὼς
1014 887 1038 952 (d
1048 885 1167 953 Πρόκλος)
1176 885 1255 935 ἐδόκει
1264 885 1341 948 λέγειν
1352 884 1439 936 ταῦτα·
1454 888 1526 952 Ψυχή
1540 904 1581 949 μοι
1593 890 1646 936 κτλ.

959 1034 1091 1084 ccuxtx.
1104 1033 1181 1098 Apud
1193 1033 1335 1092 Stobaeunt,
1352 1034 1440 1100 Εσέοφ.
1450 1035 1550 1100 physic.
1562 1037 1583 1096 l,
1595 1037 1634 1095 52,
1646 1036 1689 1094 ί2,

927 1115 957 1150 ex
969 1099 1068 1152 incerto
1083 1108 1204 1160 σαρίσαις
1223 1101 1295 1149 locus
1309 1099 1352 1149 hic
1368 1100 1483 1164 poeticus
1499 1101 1640 1166 inscriptus
1650 1110 1690 1151 est

926 1167 1045 1230 χρησμὸς.
1057 1166 1134 1214 —Vs
1143 1167 1154 1213 l
1164 1180 1206 1230 ap.
1214 1166 1318 1216 Center.
1328 1173 1354 1214 et
1361 1164 1388 1214 in
1398 1167 1473 1217 codd.
1480 1176 1602 1232 corrupte
1611 1169 1690 1217 hebet

926 1233 968 1280 καί
982 1227 1124 1295 ἀγεννηθένς
1136 1229 1241 1281 Grotius
1252 1229 1280 1280 in
1290 1230 1411 1297 Florilcp.
1423 1247 1447 1297 p.
1459 1235 1515 1296 165,
1525 1233 1690 1283 emendatum

928 1297 1034 1361 scripsit
1046 1297 1078 1358 γῆ
1092 1299 1219 1358 γεννηθὲν;
1237 1297 1350 1347 Heeren.
1364 1299 1422 1359 γαῖα
1436 1301 1543 1361 γενηθέν.
1561 1327 1591 1335 -
1606 1299 1652 1347 Vs.
1665 1301 1689 1349 θ.

929 1363 1004 1414 Cant.
1022 1369 1048 1413 et
1061 1361 1137 1413 codd.
1149 1359 1208 1414 ἀλλὰ
1221 1363 1248 1412 εδ
1264 1363 1307 1425 μὲν
1322 1365 1391 1412 λυθὲν
1411 1365 1463 1414 έστι
1480 1366 1561 1426 κενῆς,
1572 1365 1615 1426 ἡδὲ
1630 1366 1691 1430 πρὸς

929 1429 1024 1493 αίθραν,
1043 1427 1148 1479 Grotius
1165 1429 1223 1478 ἀλλὰ
1241 1427 1270 1476 τὸ
1290 1429 1333 1493 μέν
1346 1431 1416 1480 λυθέν
1431 1430 1484 1480 inst
1505 1433 1563 1488 κενὴ
1579 1431 1655 1490 κόνις,
1674 1433 1689 1487 ἠ

929 1495 955 1544 di
974 1496 1028 1544 κτλ.
1048 1521 1078 1532 -
1098 1495 1144 1544 Vs.
1170 1495 1193 1543 ί.
1215 1494 1290 1544 Cant.
1315 1495 1387 1544 nullo
1412 1511 1490 1546 sensu
1511 1498 1630 1561 μετήορος
1659 1497 1692 1550 tlt

930 1561 1014 1636 αἰθέρα
1025 1559 1109 1616 πλοῦς.
1125 1560 1206 1610 Codd.
1221 1560 1253 1608 V.
1274 1560 1306 1610 Α.
1320 1560 1353 1616 τίς
1371 1561 1446 1626 αἰθέρ’
1464 1560 1573 1621 ceretu
1588 1577 1692 1612 versum

931 1624 1044 1676 restitnit
1056 1624 1161 1676 Grotius
1173 1626 1297 1676 mutando
1304 1626 1379 1689 αἰθέρ’
1390 1627 1416 1683 ές
1423 1629 1523 1688 διπλοῦν,
1535 1628 1604 1677 mule
1615 1627 1693 1677 vertit

931 1692 1022 1742 unicus
1038 1691 1125 1743 nider.
1140 1691 1178 1740 (λέ.
1193 1691 1266 1756 Virg.
1287 1692 1348 1741 AEn.
1364 1693 1408 1752 Vl,
1430 1694 1478 1744 ild
1495 1708 1551 1758 sqq.
1571 1708 1578 1742 :
1597 1708 1692 1758 purum

932 1756 1038 1822 reliquit
1061 1757 1210 1808 AEtlrereum
1232 1771 1340 1820 sensum,
1369 1762 1447 1824 atque
1468 1767 1548 1810 aurat
1569 1757 1693 1824 simplicis

931 1824 1025 1888 ionem.
1038 1849 1070 1860 -
1089 1823 1135 1872 Vs.
1150 1825 1164 1872 5
1180 1843 1193 1868 ι
1206 1823 1281 1872 Cant.
1297 1825 1366 1874 ”Atto
1378 1824 1399 1873 δ’
1413 1824 1437 1880 id
1452 1823 1523 1874 ἄλλου
1541 1827 1693 1887 γεννώμενος

930 1890 968 1947 ηδ’
988 1889 1155 1949 eventurae,
1174 1888 1324 1952 refragante
1347 1897 1430 1940 metro
1455 1889 1533 1940 simul
1556 1897 1582 1941 et
1604 1904 1691 1940 sensu.

932 1956 1005 2005 Grot.
1022 1968 1067 2018 pro
1079 1954 1136 2004 ἄλλο
1154 1953 1268 2005 restituit
1278 1953 1348 2012 ἄλλος
1366 1956 1434 2020 quod
1448 1957 1604 2006 confirmant
1617 1956 1693 2006 codd.

931 2021 963 2071 V.
979 2021 1011 2070 A.
1027 2020 1058 2070 ll.
1075 2020 1197 2070 Attamen
1206 2019 1246 2069 rel
1259 2019 1306 2080 sic,
1321 2021 1370 2072 etsi
1386 2037 1475 2072 versus
1486 2023 1551 2072 bene
1565 2019 1693 2088 procedit,

931 2087 1018 2136 lresreo
1037 2086 1064 2135 in
1083 2085 1269 2151 explicatione3
1290 2101 1348 2136 curn
1370 2087 1440 2143 ἄλλος
1459 2087 1524 2138 nihil
1542 2089 1640 2138 habeut
1661 2087 1694 2138 sd

932 2151 1001 2216 quod
1022 2151 1114 2202 referri
1138 2151 1221 2218 possit
1224 2186 1272 2202 .....
1296 2152 1423 2217 Equidem
1449 2169 1500 2203 non
1525 2153 1615 2205 dubito
1639 2152 1695 2203 αἰλλο

932 2231 1023 2266 senem
1035 2232 1092 2268 esse
1107 2217 1244 2267 lectionem
1255 2217 1436 2269 subintellecto
1450 2221 1532 2282 σῶμα,
1542 2220 1610 2285 quod
1625 2219 1695 2268 clere

932 2284 1007 2333 docet
1017 2297 1128 2348 sequens
1142 2285 1272 2348 ψοχσέιται.
1289 2301 1302 2328 ιι
1315 2286 1421 2336 Heeren.
1435 2312 1465 2322 -
1474 2287 1519 2335 Vs.
1536 2288 1560 2336 θ.
1578 2307 1591 2332 ιι
1605 2285 1697 2341 καινοῖς

932 2349 1007 2400 codd.
1020 2350 1053 2399 V.
1066 2349 1098 2399 A.
1111 2364 1169 2399 eum
1182 2348 1273 2399 Grotio
1284 2365 1332 2414 pro
1344 2354 1431 2407 κενοῖς.
1447 2370 1460 2397 ιι
1472 2351 1512 2402 ld.

966 2489 1085 2541 cclxx,
1101 2490 1210 2542 Cedren.
1225 2492 1291 2542 llist.
1305 2492 1445 2556 Compend.
1457 2499 1524 2556 part.
1535 2493 1567 2556 11,
1577 2493 1696 2548 til-278,

934 2571 959 2620 p.
975 2556 1033 2605 ίιθθ.
1051 2554 1206 2606 Μίοίιιισίοιο
1221 2555 1375 2622 cognomine
1395 2555 1525 2608 ebriosum
1545 2573 1603 2608 cnm
1622 2558 1697 2607 trede

933 2628 973 2670 ret
1003 2621 1235 2685 reprehensionum
1265 2621 1357 2674 Basilii
1387 2637 1464 2688 quem
1491 2623 1524 2674 ud
1558 2621 1697 2687 imperium

934 2694 1062 2748 erexerat,
1078 2687 1104 2736 iu
1116 2687 1173 2752 ejus
1198 2689 1283 2738 locum
1305 2689 1423 2738 sufficere
1433 2689 1515 2739 rolnit
1528 2688 1698 2739 nesitieinum

934 2752 1072 2817 quemdum
1095 2753 1271 2818 imperatorin
1295 2753 1391 2805 celocis
1417 2754 1554 2820 remigem.
1574 2755 1698 2821 Πρέσιστι

933 2821 979 2882 γὰρ
998 2818 1076 2883 αὐτῷ,
1089 2827 1119 2869 ut
1137 2819 1200 2870 dixit
1215 2821 1284 2886 apud
1303 2827 1432 2880 sonetum,
1451 2822 1554 2889 Πρῶτον
1574 2827 1617 2886 μιν
1644 2824 1697 2870 κτλ.

966 2967 1098 3018 ccum.
1135 2969 1229 3020 Zonsr.
1254 2967 1350 3022 Διιποί.
1370 2969 1416 3020 111.
1441 2979 1467 3019 et
1496 2969 1606 3020 Osdren.
1631 2969 1697 3019 ilict.

935 3033 1075 3111 Compcttd.
1089 3043 1156 3100 pert.
1172 3035 1205 3097 ll,
1222 3037 1280 3096 ill,
1294 3051 1320 3101 p.
1332 3037 1412 3087 diist
1433 3035 1596 3094 Ἆπεοτέιτησε
1614 3035 1641 3085 dl
1662 3035 1699 3084 irr'

933 3099 1009 3150 αὐτου
1024 3097 1077 3164 (τοῦ
1096 3101 1231 3166 Μιχαῆλος)
1241 3103 1282 3152 καί
1296 3102 1392 3161 nicusi
1411 3102 1546 3164 Δαλματία·
1559 3101 1660 3167 ίφέρετο
1674 3101 1700 3151 δέ

932 3165 973 3214 καί
984 3165 1096 3230 χρησμὸς
1107 3167 1208 3224 παλαιὸς
1216 3168 1270 3232 περί
1284 3165 1371 3228 αὐτοῦ,
1382 3169 1445 3233 έχων
1456 3166 1544 3223 οὕτως·
1567 3167 1638 3233 'Appi
1647 3168 1699 3216 κτλ.

966 3311 1110 3362 ίλΟΙιΧΧΙΙ.
1138 3313 1254 3373 Nicetes,
1272 3314 1299 3365 in
1321 3313 1418 3366 Δηοοί.
1436 3314 1513 3364 loun.
1540 3313 1630 3364 Comn.
1652 3315 1700 3375 δίς

941 3379 1026 3427 ’Υστοῦ
1055 3377 1081 3428 dl
1101 3382 1287 3446 κατενεχθέντος
1311 3383 1342 3446 ῥα
1358 3381 1438 3439 δαίσυ,
1460 3381 1500 3428 καὶ
1525 3381 1568 3436 τῆς
1591 3379 1703 3434 κοιλάδας

934 3459 1013 3509 καταρ
1031 3443 1091 3494 ύιου
1117 3447 1260 3507 γενομένης,
1284 3447 1321 3510 ἐφ’
1342 3398 1372 3507 λς
1394 3445 1611 3511 ίστρατοπέδευτο,
1635 3445 1652 3505 ἦ
1677 3461 1702 3494 τε

936 3461 1054 3572 βασιλίοις
1064 3510 1132 3568 κλίνη
1152 3514 1298 3576 μετεφέρετο
1311 3513 1373 3577 πρὸς
1386 3511 1414 3560 τὸ
1433 3515 1598 3576 κατερρεῡσαν
1614 3509 1703 3567 ὕδατος

937 3577 1019 3641 μέρος·
1029 3576 1076 3653 ’καί
1085 3576 1159 3631 αὐτὸς
1170 3570 1199 3656 ips
1216 3577 1254 3627 ίπί
1272 3577 1397 3641 στόματος
1409 3577 1470 3656 ίχωρ
1486 3578 1514 3626 τὸ
1525 3575 1622 3656 φάσκον
1635 3575 1701 3627 οὗτοι

935 3641 1117 3768 ίΐλλὲῗῗλὲἓι
1150 3641 1703 3774 iiiiii?,ii.{f..ii‘..2f'”..i“⁶ssii⁰ii

936 3773 1011 3834 πέρας
1022 3772 1143 3836 εἰληφέναι
1157 3773 1250 3837 ἔλεγον·
1263 3765 1298 3822 Ὠ
1314 3777 1366 3830 πῶς
1377 3777 1429 3825 κτλ.
1440 3775 1474 3832 ιτῆ
1484 3773 1527 3837 μίν
1541 3775 1565 3830 ές
1576 3776 1607 3822 τὰ
1615 3776 1705 3835 μέλανα

937 3839 979 3886 καί
996 3839 1094 3894 σίζοντα
1108 3839 1205 3904 σιδήρια
1219 3841 1248 3889 τὸ
1260 3841 1411 3903 παλαίφατον
1426 3839 1500 3889 τοῦτο
1513 3839 1593 3903 λόγιον
1607 3839 1702 3904 ἀφορᾶν

937 3903 1125 3969 ἰσχυριζόμενοι,
1133 3904 1163 3954 δι’
1176 3897 1209 3954 ὧν
1223 3907 1236 3954 δ
1249 3908 1342 3970 καυτὴρ
1351 3913 1380 3971 τῇ
1391 3906 1455 3972 χειρί
1466 3903 1510 3954 τοῦ
1523 3906 1641 3970 βασιλέως
1652 3907 1705 3955 ἐπε-

937 3971 1060 4031 νήνεκται,
1071 3970 1107 4030 πῆ
1122 3970 1143 4019 δ’
1162 3971 1186 4026 ίς
1205 3971 1234 4019 τδ
1257 3973 1305 4020 τῶν
1324 3973 1419 4037 βουνιῖιν
1434 3971 1599 4035 προσώνυμον
1616 3970 1653 4034 lp·
1672 3963 1705 4021 ίιν

938 4036 1031 4090 ίκεῑνος
1063 4038 1247 4096 κατεσκηνώκει
1280 4037 1309 4086 τὸ
1339 4037 1515 4102 προφοίδασμα
1548 4037 1704 4093 ἀπολύοντες.

939 4101 1180 4231 λξγίῗίίλέλῖίίξ
1191 4099 1470 4234 λζιλλῖἑίλίλλλ
1482 4101 1543 4170 λλ
1561 4103 1633 4166 λλλ
1645 4104 1706 4168 λλ

974 4305 1128 4358 ccuxxm.
1163 4307 1285 4365 Niceten,
1307 4307 1332 4358 in
1361 4307 1456 4360 Αποοί.
1488 4307 1602 4360 Masuri.
1634 4309 1707 4360 Com-

941 4373 1002 4422 ncm'
1033 4371 1095 4434 Vll,
1122 4377 1146 4432 l,
1169 4375 1194 4426 'l.
1215 4375 1320 4425 Munuel
1342 4381 1401 4426 octo
1435 4380 1462 4424 et
1491 4373 1599 4438 triginta
1624 4389 1706 4425 annos

942 4437 1060 4503 regnavit
1079 4440 1241 4506 (illd-lito)
1255 4455 1333 4505 quum
1346 4455 1474 4490 annorum
1485 4454 1614 4489 summam
1631 4441 1707 4490 deno·

943 4510 981 4554 tet
1003 4511 1134 4568 postrema
1150 4504 1177 4556 in
1189 4507 1307 4566 Μανουὴλ
1318 4506 1437 4571 syllaba:
1453 4533 1483 4543 -
1496 4505 1562 4569 Πρὸς
1572 4507 1613 4566 ην,
1628 4499 1705 4568 οίμαι,

941 4573 1078 4634 παράταοιν
1095 4573 1139 4630 τῆς
1155 4573 1240 4639 ἀρχῆς,
1258 4572 1300 4620 καί
1318 4572 1347 4621 τὸ
1362 4573 1509 4622 παλαέτατον
1528 4572 1608 4621 έκεῖνο
1624 4571 1705 4635 λόγιον

942 4637 1048 4702 ἀφορᾶν,
1059 4633 1189 4693 δδεέίτιοιν
1202 4639 1303 4689 οθτοισί·
1315 4639 1364 4688 ἀλλ’
1372 4638 1467 4696 ὑστάτη
1479 4639 1532 4688 κτλ.

977 4767 1133 4818 cchXlV.
1153 4767 1260 4819 Nicetes
1275 4768 1394 4819 Choniet.
1414 4768 1443 4818 in
1454 4767 1550 4818 Διιειιιί.
1564 4765 1707 4818 Ακιέσοπέσ.

946 4833 1068 4885 Gomnctt.
1088 4833 1121 4894 11,
1145 4835 1184 4894 ίδ,
1210 4836 1258 4885 tub
1279 4835 1325 4884 tin.
1346 4848 1353 4884 t
1372 4836 1433 4897 Περὶ
1454 4834 1476 4883 δ’
1506 4833 1653 4898 Ἀνδρονίκου
1669 4834 1711 4882 καί

944 4901 1025 4964 ίττροι
1044 4898 1072 4949 τὸ
1090 4901 1174 4962 μέλλον
1194 4899 1263 4965 αὐτῷ
1281 4901 1486 4967 προφοιδάίοντες
1504 4898 1611 4962 ίαμδεῑοι
1629 4898 1708 4962 στίχοι

946 4965 1035 5031 βίδλοις
1052 4965 1208 5030 ίμφίρονταε,
1229 4967 1271 5016 καί
1296 4965 1403 5030 στόμασι
1426 4965 1520 5015 πολλῶν
1545 4963 1708 5028 πιριᾴδονται·

945 5031 990 5081 σὺν
1014 5029 1093 5087 ἄλλοις
1110 5031 1136 5082 dl
1157 5032 1199 5082 καί
1217 5023 1286 5083 οὗτοί
1300 5033 1367 5082 είτιν·
1387 5029 1478 5094 Δίρνης
1491 5032 1545 5080 κτλ.
1567 5056 1597 5067 -
1613 5030 1660 5080 Vs.
1686 5031 1708 5077 l.

947 5097 1029 5162 Πλὴρη
1048 5097 1089 5146 καί
1108 5098 1186 5148 πότου
1198 5099 1273 5149 τὸπον
1294 5097 1323 5147 τδ
1340 5098 1440 5148 Οίναεον
1456 5095 1660 5160 ίιτιεμφαένουοιν,
1678 5097 1711 5150 ὡς

946 5163 1013 5221 δηλοῖ
1025 5162 1066 5213 καλ
1079 5162 1107 5212 τδ
1119 5164 1163 5222 τῆς
1174 5163 1258 5229 χώρας
1268 5162 1444 5229 κροσοίνυμον,
1459 5163 1484 5219 lt
1496 5153 1571 5226 οὗπερ
1593 5159 1710 5228 Ἀνδρέα·

947 5246 990 5285 κος
1003 5224 1128 5296 οἰιεέρας...
1142 5230 1203 5296 πρὸς
1215 5229 1467 5281 Κωναταντινοίιπσλιν
1482 5228 1639 5295 παρεγένετο.
