4034 6018
639 389 764 456 CAPUT
787 391 1181 454 vastandarum.

115 530 219 592 αἰετὸς
233 531 260 583 ἐν
272 526 404 606 νεφίλῃσι
415 530 554 610 γενήσεαι·
572 527 600 580 cl
614 523 644 580 δέ
657 545 687 580 κε
705 526 744 601 μὴ
761 521 824 600 δῷς,

116 621 180 672 οὐκ
195 619 249 672 ἔστι
264 619 295 672 ού
310 617 425 694 τρυγών,
446 611 505 670 οὐδ’
521 615 618 678 αἰετὸς,
635 615 667 668 ού
683 611 884 691 δρυκολάπτης.

418 767 486 823 tta.
510 766 607 816 ΑΛΛΗ.

339 897 382 952 Ὦς
392 899 458 962 παρὰ
472 903 515 948 τοῦ
536 899 687 952 Ἀπόλλωνος.

121 1017 161 1071 Γ,
182 1015 271 1092 accep
288 1016 356 1086 ἐπὴν
370 1014 489 1087 ἄκλητος
503 1019 550 1072 ίών
565 1016 705 1096 άνδρωπος
718 1011 827 1083 ἀλαζὼν

120 1189 207 1266 λυπῇ
223 1189 345 1256 δύοντας,
362 1192 409 1247 καί
423 1191 619 1269 σπλαγχνεύειν
633 1191 766 1268 ίπιδυμῇ,

123 1361 165 1434 δὴ
181 1368 242 1421 τότε
253 1365 309 1444 χρὴ
325 1369 432 1420 τύπτειν
445 1367 527 1420 αὐτὸν
541 1364 664 1441 πλευρῶν
678 1366 709 1420 τό
728 1361 839 1440 μιτάξυ,

123 1454 179 1506 καί
192 1450 285 1528 φείδου
302 1450 400 1528 μηδὲν,
419 1449 486 1528 μηδ’
503 1455 594 1509 αἰετοῦ
611 1454 638 1507 iv
652 1451 792 1529 νεφίλῃσι,

128 1541 199 1614 μήτ’
213 1539 250 1610 ἢν
263 1541 386 1616 Λάμπων
399 1539 419 1617 ῃ
436 1538 500 1616 μήτ’
514 1541 550 1610 ἢν
565 1543 579 1596 ό
595 1543 679 1616 μίγας
692 1538 845 1609 Διοπείθης.

418 1681 487 1740 280.
509 1685 607 1734 hllllll.

128 1813 163 1869 Δ.
178 1797 249 1868 lttl’
264 1811 365 1867 ὁπόταν
383 1810 480 1890 μάρψῃ
498 1810 655 1890 βυρσαίετος
667 1811 870 1889 ἀγκυλοχείλης

125 1982 299 2064 γαμφηλῇσι
310 1982 443 2062 δράκοντα
455 1985 604 2063 κοάλεμον,
621 1988 827 2063 αἱματοπώτην,

129 2070 168 2141 δὴ
177 2076 237 2128 τότε
246 2071 433 2149 Παφλαγόνων
446 2074 494 2148 μίν
507 2071 687 2144 &colluceat
697 2071 887 2151 σκοροδάλμη·

128 2156 348 2236 κοιλιοπώλῃσιν
363 2157 393 2214 δὲ
408 2158 467 2224 θεός
483 2163 554 2238 μίγα
568 2157 650 2224 κύδος
664 2157 770 2232 ὀπάζει,

131 2334 163 2388 nl
174 2352 218 2388 κεν
238 2335 276 2409 μὴ
289 2331 389 2390 πωλεῖν
404 2331 542 2399 ἀλλᾶντας
557 2333 664 2410 μάλλον
679 2333 803 2393 ἕλωνται.

416 2465 485 2524 981.
506 2472 608 2524 anda.

121 2583 165 2654 E.
178 2579 296 2674 Φράζευ,
314 2581 475 2676 δρεχθείδη,
491 2596 592 2674 λογίων
607 2597 682 2670 atto,
695 2599 731 2669 ἥν
744 2617 788 2656 σοι
799 2557 890 2654 ιλπόλζ

131 2773 210 2849 ἴαχεν
224 2769 252 2837 ii
266 2769 378 2828 ἀδύτοιο
394 2769 440 2827 διά
453 2733 587 2851 τριπόδων
602 2775 739 2850 ἐριτίμων.
824 2683 889 2766 ρων

132 2856 271 2927 Σώζεσδαί
285 2859 309 2915 o'
322 2856 441 2916 ίκίλιυσ’
454 2860 525 2938 ίιρόν
539 2864 608 2916 κύνα
622 2858 839 2938 καρχαρόδοντα,

132 3037 160 3100 δς
173 3033 288 3112 πρόσθεν
304 3033 425 3100 λάσκων,
445 3037 492 3090 καί
509 3036 575 3112 ὑπὲρ
590 3038 635 3092 σίο
651 3033 726 3092 δεινὰ
740 3041 886 3114 κεκραγώς,

131 3124 175 3177 σοί
190 3121 283 3198 μισθόν
297 3126 394 3200 ποριιῖ·
410 3123 460 3177 κᾶν
477 3124 515 3198 μὴ
529 3120 581 3199 δρᾷ
594 3124 678 3195 τοῦτ’,
695 3123 847 3180 ἀπολεῖται·

132 3209 233 3266 πολλοί
244 3213 297 3288 γὰρ
315 3213 387 3286 μίσει
400 3229 449 3286 σφε
461 3207 667 3287 κατακρώζουσι
678 3210 796 3271 κολοιοί.

321 3341 324 3346 ’
411 3341 480 3398 tat.
503 3339 605 3395 annu.
681 3339 683 3346 ’

132 3475 167 3538 ς’.
184 3467 304 3550 Φράζιυ,
315 3455 478 3549 Ερεχδείδῃ,
487 3475 557 3527 κύνα
566 3468 699 3552 Κίρύιρον
710 3471 890 3551 ἀνδραποδίσ-

134 3649 162 3710 δς
173 3649 259 3724 κίρκῳ
276 3648 374 3701 σαίνων
388 3642 424 3710 σ’,
439 3646 539 3701 όπόταν
555 3644 675 3723 δειπνῇς,
692 3559 888 3726 §magma

134 3730 251 3799 ἐξέδεταί
264 3753 313 3790 σου
331 3729 446 3810 τοῦψον,
463 3733 527 3789 όταν
540 3738 572 3788 σύ
586 3752 640 3790 που
656 3733 757 3790 ἄλλοσε
770 3740 886 3814 χάσκῃς·

133 3910 260 3986 ίσφοιτών
277 3906 301 3964 δ’
317 3909 344 3971 ἐς
356 3909 516 3964 τούπτάνιον
527 3907 610 3978 λήσει
622 3929 651 3966 σε
665 3907 783 3981 κυνηδὸν

132 4002 232 4076 νύκτωρ
246 3999 293 4061 τάς
305 3994 431 4061 λοπάδας
443 3997 491 4052 καί
504 3997 551 4060 τάς
564 4001 664 4066 νήσους
678 3996 835 4077 διαλείχων.

409 4145 476 4203 283.
500 4151 601 4201 Ahhll.

134 4277 160 4334 Z.
183 4261 248 4330 Εστι
259 4275 341 4351 γυνὴ,
357 4270 428 4339 είξει
442 4271 470 4330 δὲ
484 4272 574 4332 λίονθ’
589 4279 672 4355 ίεραίς
685 4279 712 4332 ἐν
725 4261 852 4348 ictuata,

134 4493 176 4542 llas
188 4507 249 4542 mox
260 4490 348 4557 aquile
359 4491 387 4541 in
401 4493 478 4554 ceelo;
492 4491 637 4558 sinpernus
650 4495 764 4556 omittas,

133 4593 182 4627 non
194 4575 282 4642 aquila
294 4574 322 4625 in
335 4576 409 4638 caelo,
422 4577 468 4628 aad
479 4591 527 4628 nec
540 4585 626 4631 turtur
639 4593 723 4645 neque
738 4579 821 4645 picus.

712 4678 737 4712 c.
755 4677 885 4713 ειεπκεεο.

482 4729 540 4778 281.

133 4810 162 4858 V.
180 4809 288 4875 Accipe,
301 4807 468 4868 Erechthida,
481 4824 538 4874 quae
550 4809 603 4860 sint
615 4811 722 4862 oracula
733 4811 836 4871 Phoebi,

134 4907 186 4955 quaa
201 4891 248 4942 tibi
262 4892 294 4943 da
308 4891 410 4958 tripode
422 4899 499 4957 atque
513 4891 597 4956 adytis
611 4893 788 4959 penetralibus
802 4895 885 4944 affert.

134 4975 187 5038 lpse
196 4971 271 5038 jubet
282 4987 394 5034 sacrum,
405 4971 524 5024 districto
535 4974 612 5024 dente
625 4975 777 5036 minantem,

134 5071 216 5106 servas
230 5069 311 5120 usque
323 5069 423 5118 canem,
434 5055 481 5105 tibi
491 5054 535 5120 qui
547 5071 636 5108 morsu
645 5065 723 5122 atque
734 5057 830 5109 latratu

135 5139 276 5190 mercedem
289 5136 399 5200 πτίσσεις
413 5138 440 5187 ni
451 5137 524 5200 laxit,
540 5138 635 5206 quippe
649 5139 762 5206 peribit:

1639 401 1694 457 att

939 526 1030 599 aquila
1041 527 1069 582 ia
1080 527 1201 596 'nubibus
1211 529 1275 597 lies;
1290 529 1344 586 nisi
1354 547 1418 588 vero
1437 531 1554 600 dederis,

939 631 1027 688 neque
1038 621 1129 672 turtur
1140 616 1204 685 eris,
1217 635 1305 691 nequa
1319 619 1419 692 aquila,
1434 637 1484 676 nec
1498 619 1586 694 picus.
1681 664 1682 673 ,

1237 771 1299 823 279.
1318 779 1398 820 nutu.

1146 873 1282 936 Tanquam
1300 888 1331 924 ex
1348 873 1479 939 Apolline.

940 995 987 1052 111.
1002 995 1069 1053 Cum
1083 1014 1147 1053 vcro
1161 998 1241 1054 homo
1251 999 1393 1056 invocatus
1404 1001 1517 1070 venerit,
1530 999 1697 1075 ineptus-os-

1567 1087 1697 1161 [tcnmtor

941 1175 969 1226 et
986 1169 1111 1227 odic-erit
1125 1172 1391 1242 sacra-laciantibns,
1409 1181 1618 1248 exterorumque
1636 1192 1696 1248 par-

1406 1263 1471 1336 [tem
1485 1261 1538 1318 sibi
1548 1260 1694 1336 flagitabit,

940 1351 1006 1402 tunc
1018 1344 1124 1402 domum
1136 1346 1278 1404 verberare
1290 1347 1380 1421 ipsum
1395 1349 1465 1405 inter
1475 1349 1561 1407 latera
1573 1357 1694 1425 oportet;

940 1449 992 1488 nac
1005 1449 1087 1512 parca
1101 1432 1258 1507 quicquam,
1271 1452 1322 1494 nec
1335 1435 1431 1509 squilae
1443 1435 1471 1492 in
1482 1436 1610 1506 nubibus,

941 1535 1028 1594 neque
1047 1519 1071 1577 si
1084 1520 1126 1576 vel
1139 1520 1259 1595 Lampon
1272 1520 1363 1591 luerit,
1378 1539 1527 1595 magnusve
1542 1523 1694 1598 Diopithcs.

1242 1673 1304 1728 280.
1323 1681 1401 1724 anta.

943 1802 989 1859 tv.
1005 1801 1060 1858 Sed
1068 1799 1129 1859 cum
1136 1799 1312 1876 prehenderit
1322 1803 1539 1876 coriaria-aquila
1553 1821 1697 1862 unco-ros·

1518 1891 1571 1964 [tro
1585 1892 1699 1964 praedita

943 1975 1060 2033 maxillis
1072 1975 1215 2033 draconem
1229 1977 1378 2051 stupidum,
1391 1977 1680 2051 sanguinis-potorem,

944 2063 1701 2138 sanemnePaphlagonumquidemperitmuria-etiam.—

944 2149 1334 2208 intcstinorum-rcnditorihus
1359 2157 1450 2208 antam
1477 2151 1546 2208 daus
1573 2169 1699 2223 magnam

1435 2237 1559 2311 [gloriam
1573 2238 1697 2312 largitur,

945 2322 998 2380 nisi
1015 2323 1040 2380 ai
1055 2322 1172 2380 rendere
1191 2322 1268 2380 isicia
1285 2321 1436 2380 maluerint.

1245 2467 1306 2522 tat.
1325 2473 1403 2518 autu.

944 2583 981 2653 V,
994 2593 1120 2670 Percipe,
1128 2593 1304 2664 Erechthida,
1313 2594 1446 2652 rationem
1454 2597 1631 2666 oraculorum,
1639 2612 1699 2669 quae

1524 2682 1586 2756 [tibi
1599 2682 1695 2756 Apollo

944 2769 1069 2827 clamarit
1078 2785 1113 2826 ax
1123 2769 1224 2843 adytis,
1233 2767 1411 2843 pertripodaa
1423 2768 1702 2834 valde-honorandos,

943 2858 1058 2915 Servare
1067 2862 1095 2912 te
1102 2857 1186 2928 jussit
1193 2873 1299 2912 sacrum
1311 2872 1405 2912 canem
1414 2856 1700 2926 serratos-habentem·

1241 2960 1243 2964 ·
1582 2943 1698 3014 Μυσίου,

944 3032 990 3105 qui
1004 3031 1080 3105 priua
1094 3032 1208 3100 latrans,
1219 3037 1306 3105 etpro
1315 3037 1343 3088 ta
1357 3031 1521 3088 horrendum
1533 3031 1698 3100 vociferans,

944 3119 994 3176 tihi
1005 3119 1156 3176 mercedem
1166 3117 1286 3192 parabit;
1301 3107 1389 3175 etnisi
1401 3118 1499 3175 iecerit
1507 3118 1569 3186 hoc,
1578 3119 1679 3192 peribit
1691 3136 1698 3174 :

944 3207 1020 3264 multi
1035 3205 1105 3264 enim
1119 3222 1154 3262 ex
1167 3205 1231 3262 odio
1242 3213 1338 3263 contra
1349 3223 1409 3263 eum
1424 3203 1557 3264 crocitant
1570 3203 1685 3280 graculi.

1207 3349 1210 3354 '
1245 3347 1306 3403 282.
1327 3354 1405 3398 auru.

945 3477 995 3536 Vl.
1010 3476 1211 3542 Animadverte,
1227 3491 1243 3532 o
1256 3475 1431 3544 Erechthida,
1445 3491 1539 3533 canem
1553 3475 1699 3534 Cerberum

1513 3563 1698 3638 [plagiarium

944 3653 989 3728 qui
1003 3651 1116 3708 adulans
1129 3651 1225 3718 cauda,
1241 3656 1269 3707 et
1281 3657 1309 3708 ta
1320 3656 1472 3707 coenantam
1486 3650 1645 3719 observans,

944 3740 1042 3798 exedat
1055 3746 1130 3796 tuum
1141 3739 1243 3806 cibum,
1257 3738 1280 3794 ai
1293 3737 1401 3812 quando
1414 3745 1444 3794 tu
1452 3737 1560 3794 hietans
1572 3738 1698 3796 aliorsum

1568 3827 1698 3899 [spectas;

943 3918 1011 3976 clam
1025 3923 1116 3974 autem
1134 3915 1303 3990 ingrediatur
1315 3914 1342 3970 in
1357 3914 1473 3970 culinam
1492 3921 1520 3972 at
1538 3915 1635 3972 canina
1651 3933 1699 3972 ro-

944 4012 1027 4062 ncctu
1042 4003 1150 4078 patinas
1160 4010 1188 4060 et
1202 4002 1304 4059 insulas
1316 4000 1463 4059 delambat.
1575 4001 1700 4075 [racitate

1240 4144 1302 4198 283.
1321 4150 1399 4193 λιιι.

945 4278 1005 4335 Vll.
1016 4275 1177 4340 Estmulicr‚
1189 4271 1330 4348 pariatque
1336 4272 1439 4330 leonem
1448 4273 1534 4329 sacris
1541 4273 1566 4329 in
1574 4274 1699 4341 Athenis,

942 4489 1064 4557 graculus
1078 4488 1146 4537 hunc
1155 4485 1215 4548 odio
1227 4485 1358 4538 crocitare
1367 4498 1428 4535 nam
1443 4483 1571 4549 plurimus
1581 4492 1666 4549 urget.

1526 4583 1551 4618 c.
1569 4583 1697 4618 εεεεειειο.

940 4772 985 4822 vt.
1001 4771 1109 4837 Accipe,
1126 4768 1291 4830 Erechthida,
1309 4768 1366 4833 quis
1383 4766 1417 4818 ait
1432 4765 1479 4816 tibi
1491 4767 1618 4816 Cerberus
1639 4765 1697 4826 iste,

941 4854 984 4920 qui
998 4870 1086 4906 servos
1098 4853 1170 4915 lacit,
1185 4865 1210 4904 et
1225 4853 1307 4904 cauda
1321 4851 1364 4917 qui
1377 4849 1487 4900 blandus
1501 4848 1599 4899 adulat.

1534 4946 1559 4981 c.
1569 4945 1697 4980 maan.

1292 5021 1351 5070 283.

941 5143 998 5192 Vll.
1018 5142 1064 5192 Est
1075 5139 1177 5202 mulier,
1190 5139 1287 5190 nanctis
1301 5137 1363 5190 olim
1379 5150 1436 5202 quaa
1451 5133 1540 5200 gignat
1550 5134 1660 5185 Athenin
