4116 6022
308 393 363 450 έέθ

576 523 625 580 91.
640 517 788 578 lantolt.

347 651 424 708 Φιλῶ
439 671 478 718 σε,
496 655 578 730 κάρη,
594 655 644 721 τῆς
658 653 832 727 σωφροσύνης
843 651 935 727 χάριν,

347 740 416 816 φιλῶ
431 761 470 812 σε,
485 743 567 816 κόρη,
582 742 631 807 τῆς
645 734 805 816 φιλανδρίας
819 739 910 814 χάριν,

347 826 416 905 φιλῶ
431 848 471 900 σε,
485 831 566 905 κάρη,
581 829 631 896 τῆς
643 822 787 890 εύύουλίας
799 829 891 902 χάριν,

346 913 416 992 φιλῶ
429 935 469 986 σε,
484 917 566 992 κάρη,
581 917 631 984 τῆς
643 915 785 990 καρτερίας
796 915 887 989 χάριν,

279 1003 292 1050 5
347 1001 415 1079 φιλῶ
430 1021 470 1068 σε,
486 1005 568 1079 κάρη,
582 1003 632 1071 τῆς
645 1003 774 1064 συνέσεως
788 1003 880 1077 χάριν,

344 1091 392 1144 τού
405 1091 520 1166 γνησίου
532 1088 629 1165 [porca
640 1087 707 1163 πρὸς
719 1087 766 1141 σάν
780 1088 906 1163 νυμφίον.

605 1227 654 1284 99.
670 1235 767 1284 Anno.

372 1340 433 1406 Περὶ
446 1342 489 1399 τῆς
500 1339 603 1390 ένταύθα
617 1337 781 1401 ματαιότητος
794 1337 897 1400 ἡρωικοὶ
909 1337 998 1402 στίχοι.

308 1461 372 1516 Εἰπέ
385 1461 438 1514 τοῦ
452 1459 472 1527 ἡ
486 1455 550 1534 χθές
563 1452 625 1526 έθη,
640 1457 660 1524 η
676 1452 700 1509 δ’
716 1455 810 1532 αύριον
826 1459 881 1511 sini
896 1461 949 1511 πού
963 1458 1042 1510 ἐστιν·

346 1548 403 1602 εἰπέ
418 1544 499 1601 πάθεν
514 1541 636 1622 προύθης
648 1546 696 1598 καὶ
709 1547 762 1598 πού
778 1541 953 1620 άδοιπορίεις·

307 1637 353 1690 καί
366 1637 392 1689 τί
405 1635 476 1709 μέγα
490 1629 567 1698 ζώειν
581 1627 633 1710 [σε]
645 1632 692 1686 τδν
705 1632 803 1686 αὐτίκα
817 1633 910 1709 νεκράν
926 1633 1015 1688 δύντα.

346 1707 367 1778 θ
381 1725 480 1798 χρόνος
493 1722 626 1774 ἀστατέει·
643 1716 738 1796 φύλλῳ
754 1719 823 1774 ἔοικε
838 1723 925 1796 φύσις.
968 1715 1062 1796 illisi,

731 387 736 398 '
772 387 1030 448 ANTHOLOGIAE
1050 388 1200 450 GuAEcAE
1220 391 1447 452 APPENDICIS

1088 513 1094 620 l

1088 643 1093 734 l

1380 531 1423 584 ut.
1444 528 1598 585 INCERTI.

1152 657 1220 713 Amo
1231 665 1270 727 te,
1285 657 1383 732 puella,
1399 659 1472 732 quod
1486 675 1515 716 es
1530 658 1639 732 pudiea,

1153 750 1263 812 amate,
1277 745 1376 818 puella,
1391 744 1464 818 quod
1477 744 1603 800 maritum
1618 743 1721 818 diligis,

1153 847 1213 888 amo
1228 839 1266 902 te,
1281 832 1379 905 puella,
1395 832 1469 906 quod
1481 849 1512 890 es
1525 832 1656 906 prudeus,

1153 935 1213 976 amo
1225 925 1262 988 te,
1278 919 1378 993 puelle,
1390 918 1463 994 quod
1475 937 1505 976 es
1518 919 1608 988 fortis,

1153 1022 1214 1063 amo
1228 1013 1266 1074 te,
1281 1005 1380 1080 puella,
1396 1006 1470 1080 quod
1484 1024 1514 1063 es
1527 1006 1649 1081 sapiens,

1153 1100 1182 1150 et
1193 1094 1266 1168 quod
1277 1110 1369 1150 eruore
1382 1092 1502 1166 ingenuo
1515 1111 1646 1167 sponsum
1663 1095 1855 1168 prosequeris.

1420 1237 1463 1288 92.
1483 1243 1583 1286 nniun.

1233 1341 1271 1389 De
1285 1339 1402 1390 terrestri
1416 1339 1530 1390 ianime
1549 1339 1647 1390 heroici
1667 1355 1766 1390 sersus.

1119 1465 1168 1520 Dic
1188 1464 1234 1520 ubi
1254 1465 1384 1520 besterna
1401 1465 1458 1521 dies
1470 1463 1580 1532 abierit,
1594 1470 1623 1521 et
1641 1463 1762 1520 crastina
1773 1461 1819 1518 dic
1837 1461 1888 1518 ubi

1152 1550 1196 1606 die
1208 1551 1279 1606 unde
1292 1551 1450 1625 proveneris
1465 1559 1493 1608 et
1506 1568 1560 1624 quo
1573 1549 1746 1607 niam-iacies
1761 1567 1769 1606 :
1810 1549 1862 1622 [sit
1878 1567 1887 1605 z

1119 1638 1223 1710 etquid
1237 1655 1366 1711 magnum
1380 1637 1472 1694 vivers
1484 1644 1511 1695 to
1526 1637 1573 1710 qui
1586 1655 1651 1694 mox
1664 1637 1781 1694 cadaver
1792 1636 1862 1692 eris.

1152 1727 1271 1798 Tempus
1283 1725 1493 1782 inconstansest
1508 1743 1515 1780 ι
1531 1724 1595 1782 folle
1610 1724 1706 1780 similis
1716 1731 1826 1780 natura.

278 1819 291 1865 ὃ
308 1811 375 1865 Γαῖα
398 1807 494 1885 βροτὸς
510 1809 558 1862 καὶ
579 1804 663 1884 ὓδωρ·
684 1809 718 1861 τὰ
738 1803 784 1861 ἀπ’
805 1807 918 1883 αὐτόφιν
940 1809 978 1871 εἰς
1000 1805 1064 1862 τάδε
1118 1813 1201 1869 Terre
1217 1812 1339 1868 mortalis
1353 1819 1381 1869 et
1397 1828 1468 1885 aqua
1485 1829 1567 1885 :quta
1579 1819 1671 1868 nutem
1683 1828 1719 1868 ex
1730 1810 1791 1866 istis
1807 1815 1889 1878 foetu

346 1895 412 1952 diors
429 1897 519 1971 μάτην
531 1896 545 1949 d
563 1891 621 1968 βίος
634 1894 681 1948 καί
696 1892 748 1948 δσα
760 1912 800 1957 τις
812 1897 913 1948 πονέεε.

608 2121 656 2179 93.
672 2131 768 2178 anuo.

310 2253 399 2307 Εὶπείν
413 2253 452 2314 τίς
466 2247 578 2304 δύναται
592 2251 690 2318 σκῆνος
702 2246 869 2326 λιπόσοιρκον
884 2248 1014 2328 ἀθρήσας,

309 2341 382 2416 είπερ
395 2323 500 2406 Ῠλαςῆ
516 2335 645 2414 Θερσίτης
654 2333 701 2404 ἦν,
717 2331 738 2389 ὦ
753 2334 905 2414 παροδῖτα;

605 2475 653 2532 ut.
669 2482 766 2530 ΑΔΔΟ.
831 2493 834 2498 ·

311 2584 426 2674 θμμασι
439 2599 643 2675 πυρσοτάκοισιν
658 2594 806 2673 ἀλάστορες
819 2598 902 2654 εἴκετε
913 2602 1019 2666 πάντες

309 2688 341 2742 ού
356 2685 432 2762 θέμις
445 2682 581 2748 ἀντιθέους
593 2683 664 2760 ἱεράν
678 2680 765 2759 δόμον
780 2685 986 2762 ἀμφιπολεύειν,

604 2823 652 2882 95.
669 2832 768 2882 anuo·

390 2940 411 3009 ll
426 2957 585 3031 σωφροσύνη
598 2954 649 3009 κάν
661 2957 759 3031 κυίσκη
775 2959 892 3033 πικρίαν,

391 3039 465 3096 ἀλλά
482 3039 671 3118 μελιετύεσσαν
687 3039 776 3096 ὦδίνει
788 3045 880 3119 χάριν.

603 3177 651 3234 96.
674 3183 773 3232 enno.

392 3299 474 3352 Πάνοι
488 3293 617 3352 δάκνουσι
629 3299 692 3360 τοὺς
706 3295 857 3366 ἀσυνήθεις,
872 3297 943 3376 φίλιε,

392 3380 615 3461 Ιίαρχαράδοντες
628 3387 704 3448 κύνες
718 3385 806 3462 ὥσπερ
819 3388 882 3450 τοὺς
895 3382 995 3451 ξένους.

389 3473 493 3527 Τούτου
508 3468 538 3527 δὲ
552 3472 641 3546 σαφὴς
654 3467 734 3537 δεῖξις
748 3473 777 3526 ἐκ
790 3475 842 3527 τῶν
855 3476 1033 3550 πραγμάτων.

389 3561 493 3614 Σαύτδν
510 3557 621 3636 μοχθεῖν
636 3555 706 3626 ἔθιζε
719 3559 827 3627 λοιπὸν,
844 3557 981 3626 ὦτίκνον,

281 3680 295 3726 5
390 3649 461 3702 ὠσάν
476 3651 570 3724 φύγοις
583 3644 714 3722 δήγματα
726 3645 855 3724 χαλεπῶν
868 3651 968 3706 πόνων.

605 3787 654 3844 97.
674 3795 772 3843 ΑΛΛΟ.

312 3921 350 3975 Ού
365 3921 471 3994 νέμεσις
484 3919 645 3996 ἀπαφίσκειν
659 3915 724 3974 ούδί
738 3916 809 3982 θεοῖς
824 3917 961 3994 βασιλῆας

311 4004 365 4061 οίσι
377 4007 548 4082 κακορραφέη
561 4025 590 4060 τε
607 4003 685 4082 μέλει
697 4008 744 4062 καί
758 4004 841 4084 ἔχθεα
854 4004 954 4084 λυγρά·

312 4092 357 4150 οἶα
371 4095 418 4148 καί
430 4078 558 4170 Ᾰτρείιυνε
569 4096 685 4171 ἀνάρσια
699 4095 765 4171 ἔργα
776 4097 900 4149 τέτυκται

312 4183 348 4245 εἰς
360 4164 471 4256 Ᾰχιλῆα
486 4183 645 4257 περίφρονα,
662 4181 786 4258 ὄρχαμον
800 4182 976 4256 ήγεμονάων.

283 4287 297 4334 5
311 4263 353 4334 Τῷ
370 4261 404 4336 ῥα
417 4261 464 4314 καὶ
476 4254 645 4328 έξαπάτηται
658 4261 706 4313 καὶ
718 4257 805 4314 πολύν
820 4258 904 4314 ὤλεσε
915 4257 995 4316 λαόν.

312 4346 404 4410 Οθτως
417 4348 436 4416 ἡ
452 4341 597 4411 πλεονεξία
612 4343 709 4401 ἔπλετο
722 4349 789 4400 ποῖοι
802 4349 929 4416 κακίστη.

608 4477 656 4535 98.
672 4484 770 4534 ΑΛΔΟ.

567 4589 648 4652 Ὅρος
660 4589 709 4638 τῶν
722 4585 809 4637 ὄντων.

389 4691 509 4763 Ιῗκαστον
524 4703 662 4772 εἶναιτοῖς
676 4710 768 4784 σοφοῖς
779 4706 853 4762 τοῦτ’
868 4709 958 4763 ούσία·

389 4795 474 4850 ποσδν
487 4791 527 4868 δί,
546 4798 643 4872 μέτρον
657 4793 800 4872 κάριθμδς,
815 4796 898 4871 ῥοπή,
915 4793 1008 4872 βάρος·

390 4883 421 4938 τύ
435 4886 501 4960 πρός
513 4902 540 4937 τι
554 4880 580 4937 δ’
595 4883 664 4939 ίστιν
677 4881 697 4952 ἢ
712 4883 778 4960 πρὸς
791 4881 862 4937 ἄλλο
876 4901 902 4937 τι
915 4885 1013 4959 οχίσις·

390 4971 479 5036 ποιάν,
493 4972 648 5048 χαρακτὴρ,
663 4967 743 5041 εἶδος,
758 4970 778 5038 ἡ
792 4973 959 5038 τοιουτάτης·

283 5073 296 5117 5
390 5060 455 5130 πού,
471 5055 644 5134 συμύιύηκδς
656 5060 703 5114 τοῦ
718 5060 815 5113 τύπου·
833 5061 907 5122 πότε,
923 5061 1035 5134 χρόνου·

1555 1899 1630 1972 [sunt
1644 1899 1672 1955 in
1685 1899 1739 1955 ista
1750 1897 1887 1963 suberant,

1154 1987 1193 2044 ila
1207 1995 1237 2044 ut
1248 1985 1336 2044 inanis
1348 1986 1405 2044 rita
1413 1990 1451 2044 rit
1458 1993 1486 2043 et
1493 1985 1625 2060 quidquid
1638 1986 1700 2060 quis
1714 1992 1859 2059 operatur.

1416 2127 1459 2180 93.
1478 2134 1578 2178 estun.

1123 2249 1218 2307 Dicere
1235 2250 1296 2322 quis
1310 2253 1401 2321 potest
1414 2263 1514 2319 eorpus
1528 2247 1751 2303 oarnenudatum
1766 2245 1888 2314 tuendo,

1122 2345 1212 2394 utrum
1226 2336 1311 2410 Hylas
1326 2352 1361 2391 an
1374 2334 1516 2390 Thersites
1529 2333 1620 2402 luerit,
1637 2350 1653 2390 ο
1667 2333 1765 2390 viator.

1393 2435 1397 2442 .
1416 2477 1459 2530 sl.
1479 2485 1578 2528 estun.

1121 2600 1212 2658 Oculis
1227 2599 1381 2673 quicunque
1395 2596 1462 2653 estis
1476 2595 1631 2668 ignivomis,
1647 2596 1754 2654 scelesti
1774 2611 1886 2662 omnes,

1121 2705 1175 2745 non
1188 2687 1268 2744 decet
1281 2684 1410 2760 profanos
1424 2699 1503 2740 sacra
1516 2684 1544 2738 in
1557 2684 1615 2740 ede
1629 2683 1742 2740 uersari.
1777 2683 1865 2756 [abite

1417 2823 1461 2876 95.
1482 2831 1581 2874 antus.

1156 2955 1357 3030 Temperantia,
1371 2949 1496 3026 quamvis
1510 2952 1646 3026 concipiat
1660 2952 1885 3019 amaritudinem,

1156 3044 1284 3100 mellitam
1297 3049 1387 3100 tamen
1402 3038 1519 3113 parturit
1532 3039 1662 3096 laetitiam.

1408 3175 1452 3230 96.
1471 3179 1570 3224 ALlUD.

1157 3294 1277 3350 Labores
1291 3293 1415 3351 mordent
1428 3311 1481 3350 non
1495 3292 1635 3359 adsuetos,
1650 3289 1746 3358 amice,

1157 3390 1187 3438 ut
1200 3399 1283 3438 onnes
1296 3380 1527 3456 dentibus-asperi
1541 3377 1710 3454 peregrinos.

1157 3471 1215 3527 Hoc
1226 3477 1317 3527 autem
1331 3477 1425 3542 aperte
1439 3469 1519 3526 docet
1533 3467 1710 3542 experientia.

1156 3559 1194 3614 Te
1208 3558 1292 3631 igitur
1306 3557 1395 3631 ipsum
1409 3557 1548 3614 laboribus
1562 3555 1741 3621 adsuefacite
1757 3552 1805 3618 lili,

1156 3653 1185 3702 ut
1199 3645 1322 3718 gravium
1337 3644 1454 3718 effugias
1469 3661 1576 3701 memus
1590 3642 1723 3698 laborum.

1423 3787 1467 3840 97.
1487 3791 1586 3835 amun.

1123 3917 1202 3974 Haud
1215 3916 1411 3990 indignandum
1429 3916 1472 3972 vel
1485 3915 1514 3970 in
1528 3914 1595 3970 deos
1609 3913 1633 3968 si
1647 3910 1786 3984 decipiant
1801 3927 1885 3982 reges

1122 4005 1222 4078 quibus
1235 4009 1387 4060 curse-sunt
1399 4001 1504 4059 insidias
1517 4009 1546 4058 et
1558 4000 1623 4057 odia
1634 3999 1726 4058 tristia
1740 4015 1748 4053 ι

1122 4091 1214 4166 qualia
1227 4097 1256 4148 et
1267 4092 1302 4148 ab
1318 4090 1415 4148 Atrida
1429 4091 1560 4147 scelerate
1573 4089 1646 4146 laeta
1659 4094 1724 4144 sunt

1122 4179 1150 4235 in
1163 4179 1294 4235 Achillem
1308 4177 1547 4245 valdeeoadatum
1562 4175 1713 4250 principem
1726 4173 1882 4230 ductorum.

1123 4265 1213 4333 Quare
1227 4265 1336 4337 quidem
1350 4271 1378 4320 et
1391 4263 1523 4336 deeeptus
1537 4269 1580 4319 est
1593 4268 1621 4318 et
1633 4259 1747 4317 multum
1761 4258 1884 4332 perdidit

1122 4351 1168 4408 Sic
1181 4350 1317 4425 cupiditas
1331 4349 1382 4406 luit
1396 4349 1521 4406 omnibus
1535 4347 1663 4422 pessima.
1729 4343 1882 4419 [populum.

1419 4483 1463 4536 98.
1482 4489 1582 4532 anion.

1306 4585 1428 4636 Definitio
1442 4601 1531 4636 eorum
1546 4599 1603 4650 ques
1617 4591 1690 4636 sunl.

1157 4714 1286 4782 Quodque
1298 4729 1353 4768 esse
1367 4709 1538 4784 sapientibus
1551 4710 1610 4766 hae
1623 4716 1663 4767 est
1677 4707 1843 4772 substantias

1157 4807 1289 4871 quantum
1303 4804 1393 4854 autem
1406 4813 1543 4868 mensura,
1555 4813 1693 4863 numerus,
1704 4803 1882 4860 momentum,

1158 4974 1196 5030 Τὸ
1210 4975 1248 5030 cd
1258 4975 1326 5044 quid
1337 4977 1385 5028 aut
1397 4972 1434 5028 od
1448 4971 1526 5026 aliud
1537 4971 1605 5042 quid
1617 4977 1660 5027 est
1673 4883 1882 5026 habilffldus'

1158 5063 1248 5132 quale,
1264 5061 1414 5126 character,
1426 5058 1523 5127 forma,
1538 5056 1865 5131 qualitas-hujus-modi;

1161 5152 1220 5215 Ubi,
1235 5147 1361 5204 accidens
1379 5144 1440 5215 loci,
1458 5146 1566 5217 quondo
1583 5143 1729 5218 (accidens)
1747 5143 1884 5217 temporis
