4136 6036
289 396 345 456 tlt

566 528 745 584 tirello.
777 553 780 558 -

326 650 380 712 Τάς
392 635 534 706 Οππιανού
548 651 597 718 τῆς
610 649 742 723 κυνηγίας
759 643 871 722 βίύλοος

327 739 357 794 ἐκ
369 740 419 806 τῆς
430 739 569 806 σκοτεινῆς
581 738 629 790 τοῦ
647 738 745 813 μίτρου
760 732 912 811 δυαρωνίας

327 827 364 889 είς
376 821 459 892 πεζὸν
474 821 545 890 είδος
557 827 606 880 τοῦ
620 822 707 900 λόγου
722 820 898 901 μεθαρμόσας

327 911 472 991 προύὐηκά
486 932 539 982 σοι,
558 915 666 988 μέγιστε
680 913 796 989 Καῖσαρ,
816 908 922 984 ἐνθάδε,

260 1009 274 1056 5
328 999 478 1079 ὐηρατικῆς
491 999 609 1078 μάθημα
621 998 766 1076 πάγκαλον
779 1001 889 1076 τίχνης.

328 1073 507 1168 Εντυγχάνων
523 1085 571 1145 οὐν
586 1090 709 1153 εὐκόπως
721 1087 753 1144 sd
771 1083 889 1163 βιύλίον,

327 1180 374 1233 καί
387 1179 437 1248 την
452 1178 499 1233 ἀπ’
512 1179 596 1233 αὐτοῦ
611 1174 752 1253 ουλλίγων
764 1176 912 1253 εὐκαρπίαν

327 1269 417 1322 πονῶν
432 1285 465 1343 με
477 1264 553 1322 πιῖὐε
569 1266 608 1342 μὴ
621 1265 760 1321 κατοκνεῖν
770 1264 808 1326 είς
819 1266 929 1328 πόνους.

582 1406 649 1465 lt3.
666 1415 763 1464 stro.

629 1512 659 1560 e.
678 1515 711 1560 rr.

291 1619 428 1686 Κλαύδιος
439 1619 568 1700 Αὐρεόλιρ
586 1623 655 1698 μετὰ
670 1619 748 1692 δηιον
763 1623 831 1700 άρεα
848 1624 953 1700 Καῖσαρ

214 1741 217 1746 ·
329 1713 364 1766 τά
376 1713 481 1782 κτίρεα,
496 1707 600 1780 θνητῶν
613 1711 648 1774 ὡς
662 1707 749 1787 θέμις,
765 1707 892 1767 ίνδίδοσι·

291 1803 327 1875 τῷ
340 1797 367 1875 γ’
382 1797 414 1853 dr
428 1799 476 1854 καί
489 1794 574 1868 ζωήν·
594 1797 664 1854 ἀλλ”
674 1800 726 1854 οὐκ
751 1797 866 1869 ἐύίλησε
881 1802 1013 1877 ρράνημα

330 1891 411 1942 πᾶσιν
426 1887 581 1966 ίπιρρητοις
594 1888 643 1943 τοῦ
659 1889 775 1964 στρατοῦ
790 1883 920 1945 ἀνείδεον.

264 1979 278 2025 5
292 1977 385 2038 lirino<
399 1972 424 2030 δ’
439 1975 585 2052 οἰκτίρμων
599 1976 648 2030 καί
661 1977 787 2050 σώματος
803 1973 895 2052 ίοχατ“
907 1971 1018 2048 ὐπίζων,

330 2062 469 2141 Αὐριόλου
482 2065 602 2140 γίρυραν
617 2065 735 2133 σεηοατο
752 2065 802 2133 την
814 2082 842 2118 τε
857 2066 958 2140 ταρην.

573 2205 641 2262 ili.
658 2213 755 2264 AAAO.

566 2318 610 2374 Είς
626 2316 773 2369 Πολύαινον.

293 2419 454 2490 Ελλαδικῶν
472 2433 594 2510 Χαρίτων
608 2433 638 2488 sd
655 2429 764 2510 [πάλαι]
777 2430 857 2496 κλίος
873 2429 973 2489 ιύλιαεν
988 2432 1054 2488 αίιύν

335 2518 506 2599 βαρύαριιιῆς
525 2517 627 2598 ίράδου
643 2522 732 2598 συχνά
746 2522 942 2599 ἐπερχομένης.

294 2595 392 2684 Πμπης
405 2611 432 2664 iv
448 2605 564 2684 βιύλίοις
574 2611 661 2663 κεῖται
673 2606 752 2664 πάνθ’
767 2609 836 2664 ὅσσα
850 2603 944 2687 ίρεξαν

333 2683 469 2773 Ρωμαίων
484 2697 549 2761 υίεῖς
561 2698 609 2752 καί
622 2697 725 2752 Δαναοὶ
741 2700 869 2774 μάκαρες.

268 2783 281 2832 5
297 2785 387 2839 Πάντα
401 2782 432 2840 δὲ
444 2785 471 2840 ἐν
484 2789 572 2863 ταύιη
586 2788 622 2863 τῇ
638 2782 736 2862 δίλτῳ,
753 2781 840 2850 tite,
857 2781 932 2854 δήεις

334 2873 457 2951 ἔργματα
472 2857 608 2951 Ῥωμαίων
624 2873 672 2928 καί
685 2874 797 2927 Δαναῶν
811 2875 962 2949 καμάτους.

442 3017 511 3075 rte.
534 3013 680 3071 irreror
694 3013 717 3070 s
732 2991 904 3073 nistret.

297 3141 400 3208 Πῆνιν
414 3137 507 3196 άειδι
522 3137 614 3216 μαθὼν
628 3140 676 3194 καί
688 3141 794 3208 Πῆνιν
809 3135 901 3194 ἄειδε
917 3132 1039 3212 διδάξας,

336 3226 540 3305 οὐλομένην,
560 3228 849 3304 γαμιτηνηγαγόμην
867 3223 991 3289 ὐτάλας·

297 3320 349 3371 πᾶν
364 3314 389 3371 δ’
399 3314 479 3393 ἦμαρ
497 3318 627 3394 μάχεται,
643 3316 691 3370 καί
704 3317 843 3391 παννυχίη
861 3311 1016 3391 πολεμίζει,

337 3407 372 3468 ὡς
382 3406 458 3482 παρά
470 3407 520 3474 τῆς
536 3404 639 3481 μητρύς
654 3405 755 3480 προῖκα
767 3398 894 3457 λαύοὐοα
908 3405 1015 3480 μάχην.

270 3505 283 3548 5
298 3477 334 3548 liv
349 3489 378 3548 δί
391 3490 462 3548 δίλω
474 3495 564 3570 σιγᾷν,
580 3492 627 3547 ιιαί
643 3493 805 3569 μαρναμίνη
818 3491 964 3556 ὑποείκειν,

337 3579 394 3635 ὅττι
406 3600 456 3658 περ
469 3581 501 3637 οὐ
519 3584 658 3657 μάχομαι,
674 3575 749 3634 τοῦδ’
763 3576 850 3633 ίνεκεν
867 3581 996 3656 μάχεται.

418 3808 486 3866 tto.
510 3805 650 3864 θΕΩΝΟΣ
672 3803 938 3864 ΑΛΕΞΑΝΔΡΕΩΣ.

299 3930 382 4000 Γαίης
394 3931 420 3984 ἐν
433 3932 555 3986 νώτοισιν
572 3930 734 4008 ὀχούμενος,
752 3927 773 3984 ὦ
788 3927 954 4007 Πτολεμαῖε,

298 4021 344 4072 καὶ
360 4018 476 4096 βροτίης
489 4021 582 4094 ιρύοιος
597 4014 783 4095 δεσμούμινος
796 4014 887 4072 ίνδούι
900 4015 1016 4094 τεθμῶν,

594 4309 650 4357 tlt.
669 4321 757 4358 curun.

298 4401 420 4452 Claudius
433 4401 574 4450 humanum
587 4399 685 4450 veritus
697 4399 737 4449 les
749 4400 848 4461 Creter,
860 4400 985 4450 honorem

329 4485 429 4536 funeris
442 4485 556 4534 Aureolo
572 4493 631 4549 poet
643 4484 700 4534 lere
713 4483 784 4534 bella
795 4484 875 4534 dedit.

297 4571 428 4621 Malueret
437 4568 518 4619 vitem
532 4583 539 4617 ε
554 4569 599 4618 sed
613 4567 780 4618 inexorabilis
790 4567 857 4618 illud

329 4669 382 4705 non
394 4653 455 4704 tulit
468 4651 495 4702 iu
508 4652 599 4702 lessam
612 4649 704 4700 militis
717 4649 758 4700 ira
771 4649 859 4700 fldem.

297 4736 346 4787 lvit
356 4747 407 4802 quo
421 4732 507 4800 potuit
518 4732 657 4784 clementie
669 4745 676 4781 t
689 4729 786 4798 quippe
798 4729 909 4796 peremti

330 4833 424 4869 nomen
436 4825 462 4868 et
476 4817 503 4867 in
516 4823 594 4882 ponte
608 4815 657 4865 hoc
670 4822 756 4865 servet
769 4821 795 4865 et
804 4813 832 4864 in
846 4812 954 4864 tumulo.

889 4911 916 4944 s.
936 4907 1057 4946 oremus.

599 5001 656 5049 lll.
675 5013 762 5050 turon.

575 5094 606 5143 ln
623 5091 780 5156 rotpertum.

297 5189 447 5236 Grtecurum
459 5185 561 5236 laudem
576 5183 710 5234 Charitum
722 5180 868 5248 deperdidit
881 5197 973 5242 nevum,

1084 4955 1087 5047 Ι

736 391 993 454 ANTHOLOGIAE
1014 393 1164 454 GRAECAE
1184 394 1411 456 APPENDICIS

1396 533 1455 588 tte.
1475 539 1574 584 struo.

1102 659 1159 715 llos
1173 656 1290 731 Oppiani
1304 656 1338 713 de
1352 653 1502 712 Venetione
1517 652 1602 709 libros
1775 647 1869 721 [riteto

1102 763 1137 803 ex
1148 744 1295 802 tenebrose
1312 738 1658 816 que-adsersuspertiuet
1674 751 1869 808 vocum-espe-

1102 833 1131 889 in
1144 832 1300 908 pedestrem
1318 830 1431 887 lormem
1443 825 1574 884 cretionis
1589 825 1636 898 qui
1650 822 1777 883 transtuli

1102 919 1234 996 proposui
1245 917 1305 986 tibi,
1322 916 1442 974 menime
1458 915 1557 982 Cesar,
1574 914 1619 970 htc
1631 929 1690 984 epo,

1103 1007 1233 1064 veneticus
1244 1004 1413 1080 disciplinam
1423 1001 1596 1076 perpulcram
1610 1000 1688 1058 ertie.

1103 1094 1254 1168 Perlegens
1265 1109 1332 1166 ergo
1346 1089 1426 1148 fecile
1437 1089 1568 1157 libellum,

1104 1197 1133 1248 et
1144 1209 1180 1248 ex
1191 1207 1223 1248 eo
1237 1189 1368 1264 colligens
1382 1185 1827 1258 fruetuum-uberemprorentum,

1104 1278 1231 1336 leborens
1242 1293 1285 1334 me
1299 1275 1434 1351 persuede
1448 1291 1483 1330 ne
1496 1273 1590 1347 pigeat
1604 1272 1736 1329 leborum.

1406 1417 1465 1471 tta.
1483 1423 1587 1466 struo.

1440 1513 1472 1578 n.
1491 1512 1526 1562 u.

1106 1633 1235 1694 Claudius
1247 1631 1366 1690 Aureolo
1379 1638 1442 1704 post
1454 1629 1584 1686 infestum
1597 1634 1713 1685 mertem
1725 1627 1817 1686 Caesor

1141 1719 1297 1794 exsequias,
1308 1719 1462 1776 mortalium
1478 1724 1508 1775 ut
1516 1717 1564 1790 jus
1577 1723 1630 1786 est,
1646 1715 1756 1786 tribuit,

1106 1809 1150 1866 cui
1163 1827 1229 1866 sene
1243 1813 1273 1865 et
1287 1807 1371 1865 ritem
1385 1808 1542 1872 tribuisset:
1554 1822 1648 1862 rerum
1660 1805 1750 1861 noluit
1763 1802 1874 1860 enimus

1141 1896 1267 1954 omnibus
1278 1894 1421 1970 probrosis
1435 1893 1573 1952 exercitus
1586 1891 1749 1951 mutrerius.

1108 1984 1156 2044 llle
1169 1991 1260 2043 eutem
1273 1983 1430 2042 misericors
1445 1990 1472 2040 et
1485 1981 1610 2056 eorporis
1624 1998 1752 2056 supreme
1760 1995 1872 2048 cursus,

1142 2073 1254 2130 Aureoli
1266 2077 1376 2149 pontem
1391 2070 1489 2127 statuit
1498 2077 1526 2126 et
1539 2071 1681 2127 tumulum.

1391 2215 1451 2270 tlt.
1471 2221 1571 2265 curun.

1380 2321 1410 2371 ln
1427 2319 1590 2384 Polymnum.

1109 2439 1263 2497 Graecarum
1277 2437 1430 2496 Grstierum
1444 2436 1584 2510 entiquem
1596 2433 1703 2490 leudem
1717 2431 1876 2507 deperdidit

1144 2527 1286 2584 berberico
1300 2525 1409 2601 agmine
1420 2523 1548 2582 continuo
1562 2521 1717 2580 invadente.
1763 2523 1873 2595 lecum,

1109 2617 1238 2672 Attamen
1258 2613 1382 2671 inlibris
1400 2613 1492 2687 posite
1511 2617 1576 2668 sunt
1596 2609 1687 2667 omnis
1705 2625 1875 2683 quecunque

1145 2704 1329 2761 Romanorum
1340 2701 1389 2758 lilii
1403 2708 1432 2758 et
1445 2699 1535 2758 Densi
1546 2697 1631 2756 besti.
1770 2697 1874 2772 [iecere

1110 2792 1259 2866 Omnisque
1271 2791 1299 2847 in
1314 2791 1366 2847 hoc
1377 2789 1483 2856 codiee,
1496 2787 1572 2857 ielis,
1585 2787 1669 2844 discis

1145 2897 1231 2954 opere
1243 2879 1429 2937 Romanorum
1442 2883 1470 2933 et
1481 2877 1638 2933 Deneorum
1650 2874 1770 2931 lebores.

1224 3023 1284 3076 tlt.
1305 3015 1472 3075 AGATHlAE
1490 3015 1558 3073 SEU
1579 3014 1762 3071 PALLADAE.

1112 3141 1158 3199 llle
1172 3158 1225 3216 ego
1239 3139 1286 3215 qui
1296 3160 1312 3192 ιι
1326 3140 1397 3197 lrem
1409 3155 1477 3195 eene
1490 3161 1516 3206 r,
1528 3136 1611 3193 didici
1623 3145 1651 3194 et
1661 3158 1676 3188 ιι
1686 3137 1757 3192 lrem
1768 3151 1836 3192 cuns
1847 3157 1873 3204 c,

1147 3253 1162 3284 ιι
1176 3229 1321 3287 exitiosem
1335 3251 1362 3296 »‚
1376 3243 1489 3284 uxorem
1503 3225 1570 3281 duxi
1580 3225 1663 3281 miser
1677 3241 1684 3279 τ
1770 3223 1874 3297 [docui.

1111 3337 1162 3394 per
1172 3325 1259 3376 totum
1274 3315 1344 3374 enim
1357 3315 1427 3372 diem
1444 3321 1560 3388 pugnet,
1572 3322 1600 3370 et
1612 3329 1662 3387 per
1670 3319 1757 3370 telem
1766 3317 1874 3369 noctem

1670 3400 1779 3474 [bellum
1791 3401 1875 3474 gerit.

1147 3495 1226 3570 quasi
1241 3512 1258 3551 ιι
1272 3501 1359 3551 melre
1373 3492 1492 3550 dotalem
1508 3489 1661 3564 accepisset
1672 3505 1808 3562 pugnem.

1112 3584 1167 3643 Sed
1179 3583 1203 3640 si
1214 3583 1276 3640 volo
1286 3582 1376 3652 silere,
1393 3588 1422 3638 et
1434 3579 1565 3655 prelianti
1581 3579 1689 3646 cedere,

1146 3671 1219 3747 quod
1230 3687 1286 3727 uon
1300 3685 1405 3744 pugno,
1422 3676 1535 3744 propter
1548 3667 1576 3722 id
1588 3673 1705 3740 pugnet.

1234 3813 1296 3869 tlt.
1315 3797 1750 3869 rflssorrs'ttuxsrtuttlttr.

1113 3933 1202 3991 Terre
1211 3933 1242 3989 ln
1255 3933 1337 3991 dorso
1352 3941 1457 4002 vectus,
1470 3951 1486 3988 ο
1501 3932 1657 4002 Ρίοίεοιιοο,

1113 4030 1142 4080 ct
1154 4023 1276 4080 mortalis
1288 4030 1395 4081 neturae
1409 4020 1551 4079 devinctus
1562 4019 1634 4077 intre
1646 4018 1734 4093 leges,

1147 4308 1266 4358 barbarie
1282 4309 1389 4357 numero
1402 4305 1558 4372 corripiente
1574 4305 1693 4368 gradum.

1113 4393 1236 4442 Attamen
1249 4390 1275 4440 in
1290 4390 1366 4442 libris
1377 4391 1441 4440 latet
1452 4388 1512 4448 hoc,
1526 4387 1696 4452 quodcunque
1707 4391 1843 4448 patrarunt

1146 4489 1194 4525 seu
1207 4473 1288 4538 geniti
1300 4474 1449 4525 AEneedum
1463 4469 1600 4534 sunguine,
1614 4482 1660 4518 seu
1672 4468 1801 4518 Danaum.

1113 4558 1189 4618 Quin,
1205 4572 1231 4620 ο,
1246 4555 1388 4624 repperies,
1404 4555 1473 4614 felix,
1487 4568 1567 4619 perro
1580 4549 1668 4602 omnia
1680 4549 1758 4608 libro,

1145 4644 1281 4706 Romaque
1293 4655 1351 4706 qum
1360 4640 1431 4697 lecit,
1447 4637 1549 4688 Graecie
1560 4649 1669 4702 queque
1681 4633 1750 4684 tulit.

1711 4731 1748 4766 ιο.
1764 4730 1873 4765 αεεεοιι.

1300 4861 1356 4909 tlt.
1375 4872 1486 4908 resonis
1504 4869 1692 4906 instrueretur.

1394 4977 1430 5026 De
1448 4973 1594 5026 Ptolemaeo.

1114 5097 1182 5146 Dum
1196 5091 1297 5144 veheris
1311 5093 1389 5143 dorso
1405 5099 1493 5150 terroe,
1509 5089 1660 5149 Ptolemeee¹
1680 5084 1807 5153 parentis,

1084 5192 1088 5244 γ
1113 5187 1140 5229 et
1153 5187 1179 5229 te
1190 5185 1290 5228 neturse
1303 5173 1422 5227 mortalis
1433 5173 1519 5224 vinclo
1533 5183 1662 5224 coercent.

1690 5750 1884 5994 t...
