4102 6026
276 447 333 504 θθθ

573 593 640 652 686,
656 591 753 642 Anno

276 723 378 801 Μικρὸν
387 725 413 780 ἐν
421 723 539 804 ήσ]υχίη
550 723 770 806 ζή[σας[χρό]νον
780 715 1027 799 εύτροπον[έλλω]ς

276 810 379 877 Ζωίλος
391 810 444 868 ὧδε
458 811 607 885 ridemur,
616 799 789 892 Ᾰλεξάνδρου
805 809 883 889 ρίλος
897 810 964 872 υἱός.

582 963 758 1023 68t.nnno.

279 1093 388 1170 Θάρσει,
404 1094 536 1168 τέθνηκας
547 1099 600 1176 γὰρ
615 1095 777 1168 ἀπενθήτοις
790 1097 834 1152 ἐπὶ
846 1096 959 1164 τέκνοις,

318 1180 441 1251 ζώουσαν
455 1183 595 1254 προλιπὼν
606 1187 643 1253 ἦν
658 1183 763 1250 έπόθεις
777 1183 892 1260 ἄλοχον.

569 1337 638 1396 688.
654 1343 750 1394 Anno.

497 1442 601 1491 Μινακὼ
613 1441 703 1496 stoue<
714 1440 818 1507 χρηστή.

279 1561 314 1616 Εἴ
326 1581 365 1625 τις
379 1559 450 1625 όλως
461 1563 572 1638 γέγονεν
585 1563 694 1641 χρηστή
708 1563 790 1637 γονή,
806 1558 853 1630 ἥδ’
870 1560 923 1636 έγώ
939 1560 996 1634 εἰμι

318 1653 385 1728 πρός
397 1669 426 1705 τε
441 1647 616 1723 δικαιοσύνην
632 1653 679 1706 καί
691 1654 748 1714 τοῖς
764 1648 860 1713 ἄλλοις
871 1648 988 1704 ἅπασιν·

280 1734 350 1793 οὖσα
364 1735 393 1794 δέ
408 1742 522 1810 τοιαύτη
537 1742 619 1818 χάριν
633 1740 665 1795 ού
682 1736 790 1795 δικαίαν
804 1741 965 1813 κεκόνισμαι

320 1824 382 1880 οὔτε
397 1826 462 1904 παρ’
477 1822 514 1882 ὧν
529 1827 609 1903 ᾤμην
625 1825 682 1882 οὔτ’
696 1826 751 1881 ἀπό
766 1822 922 1901 δαιμονίου.

282 1909 348 1968 Οὐδ’
357 1909 501 1992 ἀπό]τιμος
509 1915 563 1970 ἀπό
576 1913 757 1992 μητρόςέμῆς
767 1915 814 1968 καὶ
821 1912 923 1989 πατρὸς
935 1911 1043 1985 ἄπειμι,

282 1998 341 2055 οὐδ’
356 1999 528 2082 ἀντιρρήπτω
543 2003 603 2066 οἵας
613 2003 728 2080 χάριτάς
742 2019 790 2077 μοι
803 1997 958 2070 ἀπέδωκαν,

282 2090 361 2144 κᾶστι
375 2089 450 2167 θέμις
463 2094 559 2154 τοκέας
569 2087 657 2170 π]αρὰ
668 2087 774 2147 παίδων
788 2087 964 2167 κομίσασθαι.

578 2243 646 2302 689.
661 2249 759 2300 Anno.

285 2373 329 2436 Δὶς
344 2369 411 2428 δέκα
424 2375 472 2428 κοιλ
486 2370 595 2438 δισσούςΙ
607 2373 717 2447 πλήσας
730 2370 805 2442 ζωῆς
814 2367 987 2434 λυκάθαντας

323 2466 371 2520 καὶ
382 2463 499 2528 ποθέσας
513 2467 611 2542 ἀρετήν
627 2469 811 2544 στεργομένην
827 2463 930 2541 ὀλίγοις

288 2551 385 2622 ήλυθες
397 2557 434 2618 εές
444 2537 529 2624 litteo
543 2550 712 2630 ζητούμενος
723 2551 763 2616 οἷς
775 2552 933 2616 ἀπέλειπες·

324 2645 391 2697 πᾶσι
399 2643 453 2718 γὰρ
463 2639 593 2717 ἀλγηδὼν
607 2640 903 2718 έσθλόςάποιχόμενος.
925 2637 1046 2718 [νόντων,

258 2738 271 2786 5
286 2729 319 2785 Εἰ
333 2727 363 2784 δέ
377 2749 416 2794 τις
430 2731 456 2784 έν
476 2726 615 2806 φθιμένοις
632 2732 726 2808 κρίσις,
748 2731 784 2793 ὡς
801 2728 984 2806 λόγος,·ἀμρλ
997 2727 1048 2784 θα-

326 2819 455 2896 Σώγενες,
471 2819 590 2889 οίκήσεις
603 2820 640 2882 είς
654 2815 741 2894 δόμον
755 2813 897 2875 asarotos.

573 2969 642 3029 690.
656 2977 753 3029 nano.

279 3085 325 3157 Ἦν
342 3101 385 3157 ότε
403 3103 503 3177 μοῦνον
518 3085 628 3176 Ῠγιινον
642 3099 776 3180 ἀδελρεόν
792 3102 822 3157 οἵ
835 3121 867 3179 με
881 3103 1004 3163 τεκόντος

326 3187 449 3256 πένθεον,
465 3187 538 3258 ήνίκ“
551 3190 604 3265 έγώ
618 3186 846 3266 πενταετιζομένη

287 3275 420 3355 παρθένος
433 3279 460 3332 έν
473 3279 609 3355 γονέεσσιν
625 3275 757 3347 ἐθήλεον·
773 3279 793 3348 ή
809 3274 834 3332 δ’
850 3278 981 3353 ἀγαπητὴ

297 3439 303 3454 .
325 3364 419 3436 ήλυθα
431 3367 483 3436 τήν
498 3367 611 3444 ρρικιήν
626 3367 662 3430 εἰς
674 3350 760 3422 Ᾰέδαο
774 3365 866 3424 πόλιν.

259 3459 273 3506 5
290 3456 311 3510 Η
325 3451 355 3508 δέ
372 3475 404 3531 με
418 3458 565 3532 γειναμένη
584 3456 677 3532 μήτηρ
691 3451 792 3526 πενθεῖ,
808 3454 962 3531 Χαρίτωνος

329 3541 449 3599 πολλάκι
464 3540 622 3619 βοωμένου·
638 3541 733 3620 Χαῖρε,
749 3539 862 3619 Πρόκλα
876 3538 1001 3616 θύγατερ.

582 3693 650 3750 691.
666 3700 764 3751 Anno.

319 3813 353 3880 'H
359 3846 413 3902 μην
428 3824 585 3904 στολοίρχης
598 3827 733 3881 Ποντικῶν
748 3827 814 3879 νεῶν
826 3825 879 3900 ἐγὼ

331 3911 490 3992 έξηρέτμοις
502 3909 626 3992 πτέρυξιν
640 3913 845 3991 ήγλαῖσμένων,

334 4005 386 4057 ἀνὰ
400 4003 513 4080 στρατόν
527 4003 671 4081 Κρισπῖνος
684 4001 798 4072 εὐκλεής
810 4003 894 4079 ἀνήρ·

331 4077 454 4146 Ράόεννα
469 4089 493 4147 δ’
507 4089 543 4162 ήν
561 4111 608 4168 μοι
618 4093 724 4170 πατρίς,
740 4093 846 4169 ἀρχαία
859 4087 948 4153 πόλις.

262 4195 277 4240 ό
331 4166 422 4256 ipo<
433 4182 472 4245 τίς
484 4180 504 4251 ή
509 4200 574 4257 μην,
590 4181 638 4236 καὶ
649 4182 721 4244 τίνος
732 4183 827 4256 γένους
838 4182 921 4255 κυρῶ.

331 4269 433 4324 Λοιπθν
448 4267 600 4346 φυλάσσου,
618 4270 656 4344 μή
672 4265 722 4323 τιν’
737 4264 854 4344 ένθήσης
868 4269 944 4343 τάρῳ

333 4353 412 4427 δίκην
425 4353 449 4412 θ’
465 4351 565 4433 ύρέξης
578 4358 745 4434 παρανόμως
757 4350 958 4431 τυμὸωρυχῶν,

334 4447 462 4521 ρίσκῳτε
478 4441 568 4520 δούσης
593 4442 607 4520 ζ
633 4440 893 4522 ζγβκαίτήπόλει
919 4438 932 4520 2
959 4439 1024 4516 ζμ.

593 4682 661 4740 69θ.
676 4687 771 4736 Anno.

338 4798 387 4869 θέτ’
404 4815 548 4890 ὠκυμοίρορ
564 4809 638 4869 οἶκον
652 4797 867 4889 Ᾰοκληπιοδότῳ

337 4903 429 4981 πατήρ
443 4901 549 4973 Νόητος
561 4905 650 4980 χῶσεν
665 4904 762 4980 εὐερκῆ
778 4904 875 4978 τάρον,

338 4993 385 5047 καὶ
398 4985 489 5056 ξεστὸν
506 4993 613 5069 οἰκτροῦ
629 4987 727 5054 παιδός
741 4991 796 5045 ἀνω
811 4992 915 5066 σήματι

340 5077 420 5150 έθηκε
437 5078 542 5156 βωμόν,
558 5083 719 5142 πενταέτους
732 5074 756 5133 τ’
772 5079 834 5133 εἰκὼ
849 5080 944 5134 τέκνου

271 5181 284 5227 5
339 5171 421 5239 κίνην
437 5169 530 5239 ὄνησιν
545 5169 678 5244 ὀμμάτων
693 5161 846 5245 χαράξατο,

340 5258 391 5327 τήν
405 5259 494 5313 πᾶσαν
510 5259 546 5321 είς
557 5261 611 5334 γῆν
627 5254 744 5313 ἐλπίδων
757 5253 863 5334 κρύψας
875 5257 981 5333 χαράν·

723 439 984 502 ANTHOLOGIAE
1004 439 1156 500 GRAEGAE
1178 441 1405 502 APPllNDIClS

1392 583 1455 637 Μ’
1473 589 1572 635 M‘mn‘
1733 623 1858 696 [frustra‚

1096 711 1268 786 Exiguumin
1283 713 1338 770 otio
1352 715 1401 787 qui
1411 711 1860 786 vixittempusprobatismoribue

1096 800 1186 858 Zoilus
1199 801 1243 858 blo
1254 800 1378 875 sepultus
1394 807 1446 872 ast,
1458 799 1607 858 Alexandri
1621 800 1738 858 dilectus
1749 799 1831 856 filins.

1387 954 1449 1008 Μ’
1469 961 1568 1005 mm
1665 995 1737 1068 [post
1748 995 1860 1064 liberos,

1097 1083 1186 1140 λίνοιο
1200 1082 1300 1152 animo,
1315 1088 1410 1157 utpote
1428 1083 1474 1156 qui
1489 1089 1613 1140 mortuus
1629 1100 1659 1140 es
1676 1100 1733 1141 non
1747 1083 1862 1141 deletos

1133 1187 1161 1238 et
1173 1180 1236 1237 viva
1250 1178 1354 1249 relicte,
1363 1197 1450 1255 uuam
1465 1179 1610 1254 diligebas,
1623 1181 1751 1255 conjuge.

1388 1338 1449 1393 688.
1464 1344 1566 1388 auron

1229 1435 1333 1487 Minooo
1344 1435 1423 1499 Libys
1435 1437 1534 1502 conjux
1547 1451 1569 1486 s.
1582 1434 1641 1500 filia
1652 1435 1728 1486 bona.

1098 1561 1128 1620 Si
1142 1579 1197 1637 qua
1209 1563 1317 1620 omnino
1330 1562 1382 1619 luit
1396 1563 1468 1619 bona
1479 1561 1587 1628 mulier,
1602 1577 1635 1617 ea
1647 1577 1700 1635 ego
1715 1577 1775 1616 sum

1134 1650 1225 1724 quoad
1235 1649 1371 1725 justitiam
1385 1657 1414 1708 et
1426 1649 1454 1706 in
1468 1648 1567 1706 ceteris
1582 1647 1724 1716 omnibus;

1099 1738 1187 1814 qualis
1201 1756 1263 1795 oum
1274 1755 1373 1808 essem,
1386 1737 1497 1813 premio
1511 1754 1566 1795 non
1576 1737 1652 1810 justo
1666 1734 1778 1810 pulvera
1790 1741 1865 1792 tecta

1134 1843 1223 1901 neque
1237 1825 1363 1902 aquibus
1376 1825 1522 1900 sperabam
1537 1841 1625 1899 neque
1640 1841 1657 1880 ο
1670 1823 1732 1880 deo.
1812 1823 1864 1896 [lui

1101 1911 1863 1988 Noninhonorataprooulamatremeaetpatredisoessi‚

1099 2021 1188 2078 nequa
1199 2001 1413 2060 vicissim-mitto
1422 2000 1517 2074 quales
1527 2001 1632 2075 gratias
1641 1998 1709 2056 mihi
1719 1998 1864 2068 dederunt,

1100 2099 1129 2150 et
1143 2099 1186 2149 est
1196 2091 1301 2167 justum
1314 2097 1443 2165 parentas
1457 2105 1475 2145 a
1487 2088 1581 2146 liberis
1594 2088 1676 2146 ferre.

1393 2234 1454 2288 689.
1475 2240 1575 2284 snrun.

1103 2370 1151 2427 ssis
1166 2369 1260 2426 decem
1271 2373 1299 2425 et
1307 2367 1376 2424 duos
1387 2373 1532 2440 postquem
1543 2364 1690 2439 implevisti
1700 2365 1764 2422 vitae
1779 2381 1866 2420 onnes

1138 2463 1220 2531 atque
1234 2455 1358 2513 amavisti
1374 2455 1500 2512 virtutem
1514 2453 1640 2510 dilectam
1653 2453 1759 2528 paucis,

1103 2547 1176 2605 ivisti
1191 2547 1219 2602 in
1233 2545 1333 2604 Oreum
1343 2542 1515 2600 desideratus
1524 2541 1577 2596 illis
1589 2559 1659 2614 quos
1674 2540 1863 2615 relinquebas:

1139 2634 1263 2694 omnibus
1274 2632 1345 2690 enim
1357 2629 1443 2687 dolori
1455 2635 1494 2686 est
1506 2628 1595 2685 bonus
1609 2627 1715 2684 abiens.
1729 2625 1864 2700 [mortuis.

1104 2723 1134 2784 Si
1148 2723 1222 2799 quod
1235 2721 1309 2796 apud
1324 2720 1467 2777 defunctos
1476 2715 1609 2790 judicium
1624 2721 1674 2783 est,
1690 2721 1721 2774 ut
1734 2715 1816 2782 lama,
1831 2713 1867 2768 de

1139 2812 1275 2887 Soganes,
1291 2804 1515 2866 habitatum-ibis
1527 2803 1555 2861 in
1570 2804 1663 2861 sedem
1676 2802 1795 2878 piorum.

1399 2961 1460 3014 690.
1475 2965 1574 3010 amun.

1106 3097 1171 3153 Erat
1178 3089 1637 3169 quandounumllyginumiratrem
1645 3087 1691 3162 qui
1698 3105 1740 3143 me
1747 3105 1868 3161 genuere

1142 3182 1282 3258 lugebant,
1297 3196 1425 3254 numago
1441 3176 1705 3252 quinquennis-natu

1105 3271 1196 3345 puella
1213 3269 1285 3326 inter
1298 3273 1428 3343 parentes
1446 3264 1576 3322 llorebam
1592 3280 1600 3320 ι
1616 3263 1716 3320 dilecta
1733 3269 1825 3320 autem
1843 3268 1869 3318 et

1141 3358 1238 3416 deveni
1251 3353 1415 3414 horrendam
1429 3353 1458 3410 in
1471 3353 1534 3411 Orci
1549 3351 1696 3410 civilatem.
1810 3351 1869 3422 [apo

1107 3449 1140 3504 b't
1154 3465 1187 3503 ea
1200 3463 1260 3520 qum
1273 3461 1317 3500 me
1329 3442 1439 3518 peperit
1450 3446 1539 3499 mater
1551 3440 1638 3514 luget,
1654 3437 1800 3496 Charitona

1142 3552 1214 3609 soepa
1228 3533 1362 3591 clemente
1376 3547 1383 3587 :
1398 3529 1478 3598 Vale,
1494 3527 1592 3585 Procla
1604 3526 1664 3583 lllie.

1399 3683 1460 3738 ost.
1479 3689 1579 3732 aarum

1144 3825 1225 3880 Eram
1238 3814 1466 3877 classiarius-dux
1479 3811 1655 3869 Ponticarum
1666 3809 1775 3865 navium
1789 3825 1842 3882 ego

1144 3923 1343 3967 aex-remorum
1357 3903 1407 3960 ulis
1420 3900 1607 3976 gaudentium,

1145 3999 1173 4055 in
1188 3994 1308 4054 exercitu
1322 3991 1463 4065 Crispinus
1478 3987 1586 4045 inclitus
1600 3985 1661 4042 vir:

1146 4088 1278 4143 Ravenna
1287 4088 1378 4139 autem
1388 4085 1448 4136 erat
1456 4076 1523 4134 mihi
1534 4074 1633 4149 petria,
1644 4072 1756 4147 antiqua
1766 4071 1872 4130 oivitss.

1147 4172 1226 4232 Nosti
1240 4171 1302 4247 quis
1314 4186 1413 4237 essem,
1426 4172 1455 4223 el
1466 4165 1544 4237 cujus
1558 4162 1650 4238 gentis
1662 4161 1722 4218 sim.

1149 4267 1273 4322 Ceterum
1283 4276 1349 4317 οονε
1362 4274 1397 4314 ne
1411 4272 1492 4329 quern
1505 4252 1608 4308 inferas
1622 4252 1671 4307 ltoo
1684 4247 1821 4322 sepulcro,

1148 4366 1311 4427 poenomque
1325 4345 1425 4402 subeas
1443 4357 1536 4399 eorum
1551 4341 1597 4413 qui
1617 4337 1813 4408 contro-legem
1832 4355 1876 4393 se-

1614 4427 1720 4502 [pnlora
1734 4425 1875 4492 ellodiunt,

1150 4524 1270 4596 lisooque
1290 4520 1339 4575 des
1357 4517 1532 4578 donariorum
1552 4518 1606 4574 duo
1627 4515 1711 4572 millis
1730 4520 1757 4569 et
1774 4509 1878 4568 civitati

1409 4671 1470 4725 692·
1491 4675 1590 4719 mun·
1645 4601 1782 4674 [deirorios
1796 4597 1878 4653 mille.

1152 4809 1204 4879 Qui
1217 4805 1374 4866 brevis-mvi
1388 4803 1440 4860 luit
1454 4801 1645 4876 Asclepiodoto
1660 4797 1769 4854 domum

1152 4905 1231 4974 pater
1241 4898 1345 4954 Noetus
1357 4891 1482 4968 aggessit
1495 4889 1689 4961 bene-septum
1703 4883 1869 4958 sepulcrum,

1152 4993 1181 5044 et
1195 4985 1308 5061 politum
1321 4976 1483 5037 miserabilis
1497 4975 1545 5032 lilii
1559 4991 1642 5047 super
1653 4977 1858 5028 monumentum

1153 5072 1246 5149 posuit
1257 5088 1340 5139 aram,
1355 5063 1591 5143 quinquennisque
1605 5058 1752 5134 imaginem
1767 5057 1846 5133 pueri

1153 5167 1233 5223 inane
1247 5161 1398 5221 subsidium
1411 5156 1496 5215 oeulis
1509 5151 1669 5225 exsculpsit,

1089 5293 1095 5325 .
1154 5273 1233 5315 omne
1247 5253 1276 5310 in
1288 5258 1362 5309 terre
1376 5247 1435 5323 spei
1449 5263 1505 5304 suae
1519 5242 1565 5320 qui
1579 5239 1685 5300 abdidit
1699 5236 1843 5313 goudium
