4076 6022
259 373 297 432 ιν
521 337 539 347 ”
713 370 974 442 κινειιοοοοινε
996 383 1148 446 uanus
1168 387 1398 453 Ανεονοιοιε

259 491 404 596 ψηγίλλης
417 505 478 573 ίδος
493 512 566 587 ἀμφὶ
581 507 702 566 baccata
715 513 760 590 ipsi
774 515 916 590 φέρουσαι.

259 599 281 652 H
298 593 328 652 δὲ
344 593 537 654 πολυκτεάνων
553 601 601 675 μὲν
617 599 666 670 ἔην
682 595 710 664 ἐξ
724 599 892 666 Αἰνεαδάων,

238 730 242 738 .
259 671 382 766 liminata
397 684 498 742 κλυτόν
514 685 586 764 αἷμα
599 691 647 742 καὶ
662 672 755 758 Ῑδαίης
769 672 933 768 Ᾰρροδίεης.

1090 514 1204 588 Regilla
1219 517 1320 574 circum
1336 518 1511 579 simulacrum
1530 525 1708 600 haruspicina
1721 547 1801 586 sacra
1815 530 1855 588 le-

1090 689 1136 745 llla
1148 689 1336 762 praedivitibus
1352 693 1462 766 quidem
1472 698 1590 752 oriundo
1604 617 1855 768 εεε1εκνύύδδδδδ,

237 777 374 853 ῆΓήματο
390 771 414 830 δ’
431 777 468 839 είς
481 774 648 855 Μαραθῶνα,
665 777 726 833 θεαί
738 776 768 834 δέ
784 800 829 857 μιν
843 780 1015 860 Ούρανιῶναι
1087 777 1214 834 Anchisae
1227 777 1337 836 inclitus
1350 780 1465 853 sanguis
1480 788 1508 838 et
1522 781 1599 838 Idea
1614 784 1739 842 Veneris.

262 870 373 931 τίουσιν,
390 866 455 935 Δηώ
470 885 498 920 τε
514 869 575 936 νίη,
593 869 659 938 Δηώ
673 887 702 922 τε
716 867 836 940 παλαιή,

260 959 323 1034 τῇσί
335 975 385 1033 περ
401 955 472 1032 ἱερόν
487 951 558 1019 είδος
573 951 704 1021 ἐϋζώνοιο
719 959 848 1033 γυναικός

262 1047 399 1122 ἄγκειται·
416 1045 487 1114 αὐτὴ
505 1040 534 1098 δὲ
553 1041 612 1119 μεθ’
626 1045 754 1122 ήρῴνησι
767 1049 896 1104 νίνασται

262 1137 289 1190 ἐν
302 1137 431 1212 μακάρων
445 1136 580 1203 νήσοισιν,
594 1132 640 1187 ίνα
652 1133 758 1212 Κρόνος
774 1133 960 1212 ἐμόασιλεύει.

219 1225 247 1272 10
261 1226 347 1280 Τοῦτο
361 1225 415 1302 γὰρ
431 1223 488 1278 ἀντ’
504 1221 620 1299 ἀγαθοῖο
634 1227 700 1278 νόου
717 1222 829 1301 εἴληχεν
846 1228 969 1286 ἀποινον.

262 1298 300 1377 ilc
314 1313 340 1367 ol
354 1315 419 1376 Ζεύς
434 1313 557 1390 ᾤκτειρεν
573 1309 742 1391 ὀδυρόμενον
758 1318 940 1391 παρακοίτην,

260 1406 336 1480 γήρᾳ
350 1404 376 1456 ἐν
393 1399 502 1478 ἀζαλέῳ
516 1403 595 1480 χήρη
607 1405 795 1481 περικείμενον
812 1405 892 1480 εὐνῇ·

263 1492 362 1548 ούνεκά
375 1493 402 1546 cl
414 1489 515 1556 παῖδας
531 1493 579 1566 μὲν
595 1493 740 1568 ἀμύμονος
755 1494 786 1547 ἐκ
800 1495 931 1570 μεγάροιο

263 1581 377 1659 ἅρπυιαι
391 1577 526 1644 Κλωθῶες
540 1579 724 1658 ἀνηρείψαντο
743 1581 873 1659 μέλαιναι

219 1687 249 1736 15
262 1673 380 1746 ἡμίσεας
393 1669 531 1725 πλεόνων·
549 1667 615 1726 δοιὼ
632 1666 656 1724 δ’
672 1671 711 1725 ἔτι
725 1669 805 1727 παῖδε
820 1671 953 1744 λιπίσδην

262 1763 403 1836 νηπιάχω,
420 1761 522 1835 ἀγνῶτε
537 1763 640 1830 κακῶν,
656 1761 695 1815 ότι
706 1764 822 1839 πάμπαν
841 1763 962 1834 ἀπύσει),

264 1849 325 1919 ο1ην
341 1868 401 1925 σριν
415 1847 504 1918 νηλὴς
517 1852 588 1905 κατὰ
604 1854 711 1928 μητέρα
727 1854 832 1927 πότμος
848 1849 982 1930 ἔμαρψεν,

263 1941 324 2016 πρίν
338 1957 389 2015 περ
400 1943 535 2016 γηραιῇσι
549 1943 701 2017 μιγήμεναι
717 1938 888 2017 ἠλακάιησι.

263 2029 306 2104 Τῷ
322 2025 351 2082 δὲ
366 2029 431 2091 Ζεύς
445 2028 556 2106 ἐπίηρον
573 2027 731 2108 ὀδυρομένῳ
745 2033 893 2109 ἀκόρητον,

219 2126 249 2174 211
263 2117 310 2171 καὶ
327 2114 455 2192 βασιλεὺς
470 2117 513 2172 Διί
526 2122 607 2197 πατρί
622 2121 694 2195 φυὴν
707 2123 756 2175 καὶ
771 2124 852 2197 μῆτιν
868 2121 972 2190 ἐοικώς,

263 2207 328 2269 Ζεύς
344 2207 391 2282 μὲν
404 2206 430 2268 ἐς
444 2188 565 2260 Ωκεανόν
582 2205 700 2286 θαλερὴν
718 2207 818 2264 ἔστειλε
832 2211 950 2285 γυναῖκα

264 2293 365 2372 αύρησι
378 2295 510 2372 Ζεφύροιο
525 2291 675 2372 κομιζέμεν
692 2279 857 2374 11λυσίησιν·

264 2385 349 2461 αύτάρ
366 2385 381 2439 ό
397 2385 559 2460 ἀστερόεντα
572 2386 635 2462 περὶ
649 2403 701 2460 σρυ
721 2386 738 2438 ἀ
752 2383 831 2440 παιδὶ
844 2383 944 2442 πέδιλα

265 2469 348 2527 δῶκεν
364 2471 447 2550 ἔχειν,
463 2474 498 2526 τὰ
511 2470 624 2547 λέγουσι
638 2475 685 2527 καὶ
701 2404 839 2551 δρμάωνσι
855 2477 984 2552 φορῆναι,

220 2575 251 2623 25
262 2559 337 2638 ἦμος
351 2561 390 2616 δι’
405 2561 512 2616 Αἰνείαν
527 2559 654 2636 πολέμου
671 2555 767 2637 ἐξῆγεν
782 2546 902 2640 Ᾰχαιῶν,

263 2654 348 2706 νύκτα
364 2647 411 2705 διὰ
426 2647 580 2726 δνοφερην·
599 2651 614 2704 ό
629 2645 658 2704 δέ
674 2651 777 2728 οἱπερὶ
792 2652 873 2706 ποσσί
886 2651 996 2728 σαωιὴρ

262 2743 434 2816 παμρανόων
450 2741 566 2794 ἐνέκειτο
583 2737 733 2810 σεληναίης
746 2737 846 2804 κύκλος
860 2736 980 2817 ψαύγῆςψ·

156 2827 159 2830 ’
262 2829 309 2884 τόν
324 2825 353 2883 δὲ
368 2829 416 2883 καὶ
428 2825 560 2884 ,tiaratae
572 2826 634 2882 ποτ’
651 2827 836 2906 ίνερράψαντο
848 2826 963 2906 πεδίλῳ,

264 2913 393 2994 [ἔμμεναι
408 2916 577 2994 όψιγόνοισιν
593 2913 777 2994 εύ]ηγενίεσσι
792 2922 894 2995 γεράα·

219 3009 248 3057 311
263 3004 296 3060 ού
313 3025 358 3082 μιν
374 3006 522 3076 όνόσσηται
536 3006 584 3060 καί
597 3002 770 3084 Κεκροπίδην
785 3026 834 3084 περ
852 3007 942 3076 ἐόντα,

262 3094 408 3170 Τυρσηνῶν
424 3095 541 3171 ἀρχαῖον
559 3095 717 3172 ἐπισφύρων
730 3096 811 3173 γίρας
827 3091 942 3172 ἀνδρῶν,

263 3166 353 3259 δρα-ης
367 3183 525 3258 ἐκγεγαῶτα
539 3184 587 3238 καί
605 3168 714 3260 lippia,
732 3185 755 3237 εί
770 3184 842 3238 ἐτεόν
859 3180 893 3254 δὴ

263 3263 343 3339 lind(
361 3254 479 3348 liptidsta
495 3273 629 3350 πρόγονος
644 3268 822 3342 Θησηϊύδαο.

266 3828 378 3895 Regillsa
390 3829 490 3880 circum
503 3828 617 3893 effigiem
632 3842 709 3879 sacra
722 3827 773 3878 rite
788 3828 911 3880 ferentes.

266 3915 330 3964 llaec
344 3919 401 3964 erat
413 3913 564 3963 AEaeadum
578 3913 610 3962 sle
625 3911 754 3978 sauguine
768 3919 842 3964 creta
855 3921 999 3979 potentum,

266 3997 390 4048 Anchisae
402 3995 565 4060 Venerisque
577 3997 654 4046 Idaese
665 3996 739 4047 clara
751 4011 884 4063 propago;

266 4087 345 4145 nupta
361 4087 449 4130 tamen
462 4079 618 4129 Marathone
630 4078 693 4140 iuit;
706 4078 804 4130 dilecta
816 4079 915 4130 deabus

267 4163 401 4222 caelicolis,
414 4178 518 4228 magnae
533 4163 632 4224 Cereri,
646 4164 786 4231 Cererique
797 4165 905 4224 minori,

267 4263 344 4300 sacra
358 4246 452 4313 quibus
465 4253 518 4298 etat
532 4247 652 4298 femineae
665 4250 713 4298 suh
727 4248 843 4314 imagine
856 4251 947 4302 scrurae
961 4265 967 4300 ι

268 4333 326 4399 ipsa
338 4332 427 4382 locum
439 4331 485 4382 sad
498 4331 579 4382 habet
591 4339 693 4382 veteres
707 4333 833 4384 heroidas
848 4333 924 4394 inter,

267 4417 359 4466 insulae
373 4415 419 4467 ubi
431 4415 526 4466 florent
540 4417 655 4467 Saturno
670 4431 732 4482 rega
743 4418 838 4468 beatae.

268 4505 331 4554 Haec
343 4502 382 4552 illi
397 4518 500 4554 moram
512 4509 590 4570 atque
606 4504 656 4568 piae
671 4505 734 4556 data
747 4505 858 4571 preemia
870 4505 975 4564 urentis,

269 4586 388 4653 conjugis
403 4594 429 4636 et
443 4588 542 4638 luctum
556 4587 595 4638 sic
606 4589 621 4638 J
624 4587 729 4654 uppiter
741 4588 798 4654 ipse
811 4589 907 4640 levavit

269 4671 402 4722 moereutis
415 4671 521 4722 viduum
533 4681 648 4724 extrema
658 4673 715 4738 jam
727 4681 806 4724 aetate
820 4673 921 4736 cubi1e;

269 4767 295 4808 et
307 4757 367 4818 sibi,
382 4758 450 4821 quod
465 4757 565 4818 dulces,
581 4757 735 4823 praestantia
750 4757 871 4824 pignora,
887 4769 963 4809 natos

271 4841 381 4892 lanificae
397 4841 521 4906 Harpyiae
537 4841 619 4908 nigrae
635 4858 747 4908 rapuere
762 4858 877 4902 sorores,

270 4928 405 4979 uimidium
420 4946 529 4980 numero
545 4927 660 4980 exomni
676 4944 682 4978 :
699 4927 777 4978 modo
791 4925 854 4977 bina
868 4929 970 4980 relicta.

271 5030 359 5079 parva,
374 5016 469 5082 ignara
480 5016 621 5072 malorum,
630 5019 656 5063 et
666 5013 751 5063 adhuc
761 5013 826 5062 heu!
837 5013 925 5063 nescia
935 5013 1038 5077 qualem

270 5099 409 5150 abstulerit
420 5105 531 5150 matrem
544 5098 595 5148 sibi
610 5095 777 5148 inexorabilis
790 5095 883 5154 Orcus.

270 5191 332 5235 ante
347 5186 420 5235 colus
432 5199 498 5235 seraa
513 5183 643 5248 explesset
656 5195 735 5246 qaam
749 5180 795 5230 fita
807 5187 929 5230 senectae.

272 5269 340 5321 Huic
355 5269 427 5320 flenti
443 5269 500 5319 sine
515 5269 565 5318 sinc
577 5266 648 5318 dedit
659 5264 757 5316 solatia
769 5265 854 5314 luctus

1088 866 1189 940 Nupsit
1203 874 1294 924 autem
1308 870 1479 936 Marathone,
1496 870 1608 944 deaeque
1624 890 1684 930 eam
1698 879 1822 936 celicola

1088 956 1233 1022 honorant,
1250 954 1387 1029 Ceresque
1400 974 1480 1027 nova,
1496 957 1632 1032 Ceresque
1648 971 1766 1034 vetusta,

1087 1044 1187 1118 quibus
1202 1061 1281 1100 sacra
1292 1044 1385 1118 imago
1398 1044 1576 1103 bene-chrotta
1595 1049 1716 1110 mulieris

1087 1135 1237 1190 dicata-est
1252 1151 1259 1188 :
1276 1133 1338 1208 ipsa
1351 1141 1443 1192 autem
1457 1135 1529 1192 inter
1543 1137 1673 1196 heroidas
1688 1150 1814 1200 versatur

1088 1223 1115 1279 iu
1127 1223 1270 1280 beatorum
1284 1223 1391 1294 insulis,
1407 1223 1454 1280 ubi
1469 1225 1605 1283 Saturnus
1620 1236 1730 1304 regnat.

1089 1313 1146 1368 Hoc
1160 1312 1231 1368 enim
1244 1329 1294 1386 pro
1308 1313 1381 1370 hona
1393 1321 1483 1371 urente
1498 1321 1580 1373 nacta
1597 1324 1640 1376 est
1653 1320 1804 1394 premium.

1087 1403 1132 1458 Sic
1145 1401 1170 1457 ei
1185 1400 1293 1474 Jupiter
1307 1402 1436 1460 misertus
1451 1411 1494 1460 est
1512 1405 1705 1465 lamentantem
1718 1409 1856 1478 maritum,

1088 1497 1228 1548 senectute
1242 1489 1271 1546 lu
1285 1491 1372 1558 arida,
1388 1491 1471 1550 νίόυο
1484 1495 1620 1570 jacentem
1635 1496 1664 1554 in
1675 1497 1757 1554 cubili
1773 1515 1779 1554 :

1088 1580 1153 1654 quia
1167 1579 1222 1653 ipsi
1234 1579 1336 1638 liberos
1351 1583 1461 1656 quidem
1476 1603 1511 1640 ex
1524 1585 1604 1642 domo
1618 1585 1795 1644 labe-carenti

1089 1685 1203 1743 rapaces
1215 1669 1310 1726 Parcas
1326 1671 1503 1731 detruserunt
1518 1674 1614 1749 nigra,

1089 1757 1361 1832 dimidiam-partem
1388 1760 1505 1834 plurium
1533 1781 1539 1818 :
1567 1765 1622 1820 duo
1648 1772 1738 1822 autem
1767 1765 1861 1822 adhuc

1577 1855 1667 1928 [pueri
1681 1853 1860 1929 reliqui-sunt

1089 1940 1218 2012 inientes,
1229 1940 1318 2017 ignari
1327 1942 1469 2010 malorum,
1481 1941 1572 1998 adhuc
1584 1941 1694 2000 omnino
1705 1941 1860 2000 nescientes

1089 2029 1197 2102 qualem
1212 2029 1264 2086 eibi
1278 2028 1390 2086 immitis
1405 2036 1520 2086 matrem
1536 2046 1596 2086 sors
1608 2029 1723 2104 ceperit,

1089 2116 1249 2191 priusquam
1265 2117 1396 2175 senilibus
1408 2118 1538 2176 misceret
1549 2118 1626 2175 colis.

1090 2205 1131 2262 llli
1155 2215 1247 2264 autem
1271 2206 1379 2283 Jupiter
1396 2208 1569 2264 commodum
1592 2209 1668 2264 dedit
1685 2208 1859 2276 lamentanti,

1499 2297 1673 2371 [quoeatiari
1684 2315 1740 2354 non
1754 2304 1859 2372 potest,

1089 2393 1117 2443 et
1129 2405 1177 2444 rex
1190 2386 1251 2444 Jovi
1264 2386 1336 2461 patri
1352 2391 1379 2443 et
1390 2393 1490 2444 natura
1505 2393 1533 2443 et
1544 2386 1692 2460 prudentia
1705 2386 1813 2454 similis,

1090 2477 1199 2550 Jupiter
1220 2477 1330 2550 quidem
1352 2476 1380 2532 in
1403 2475 1541 2532 Oceanum
1564 2475 1705 2532 lloreutcm
1724 2476 1861 2533 commisit

1089 2564 1164 2621 auris
1176 2563 1296 2639 Zephyri
1311 2564 1452 2621 ferendam
1468 2563 1568 2638 Elysiis
1584 2583 1591 2620 :
1708 2565 1860 2638 [mulierem

1090 2659 1172 2726 atque
1187 2653 1231 2709 ille
1242 2653 1309 2724 (rec)
1319 2651 1427 2710 siderea
1437 2652 1511 2709 circa
1520 2651 1661 2709 malleolos
1675 2655 1708 2724 (ι’.
1722 2671 1746 2708 e.
1762 2653 1860 2728 pedes)

1683 2741 1793 2814 [telana
1804 2740 1863 2796 filio

1090 2829 1166 2888 dedit
1180 2830 1294 2897 habere,
1308 2847 1368 2903 qne
1381 2829 1476 2886 dicunt
1491 2837 1518 2886 et
1531 2829 1698 2888 Mercurium
1713 2829 1836 2904 gessisse

1090 2919 1200 2993 quando
1214 2921 1327 2975 AEneam
1341 2917 1413 2974 hello
1429 2917 1525 2977 eduxit
1536 2919 1709 2986 Achaeorum,
1753 2917 1863 2992 [lutaris

1091 3014 1199 3065 noctem
1214 3023 1265 3081 per
1281 3005 1471 3080 caliginosam.
1485 3006 1517 3064 Ei
1531 3016 1624 3065 autem
1635 3007 1708 3063 circa
1720 3005 1806 3081 pedes
1819 3022 1862 3062 sa·

1092 3095 1228 3152 collucens
1242 3094 1394 3152 inherebat
1408 3093 1512 3152 lunaris
1523 3095 1642 3152 circulus
1651 3093 1760 3168 jubaris
1774 3113 1783 3153 ι

1094 3185 1166 3240 1νυοε
1180 3190 1207 3240 ε1
1218 3183 1346 3240 AEueada
1358 3183 1496 3257 quondam
1508 3183 1652 3240 insuerunt
1665 3182 1771 3254 calcem

1094 3274 1167 3348 quod
1181 3273 1252 3330 loret
1265 3273 1384 3348 posteris
1396 3273 1534 3330 nobilibus
1549 3273 1700 3348 premium.

1095 3364 1156 3420 Noa
1168 3361 1227 3436 ejus
1242 3361 1396 3436 prandebit,
1411 3362 1537 3435 quamvis
1550 3362 1717 3435 Cecropides
1729 3368 1781 3432 est,

1094 3455 1298 3529 Tyrrhenorum
1324 3453 1466 3527 antiquum
1491 3453 1753 3528 malleolos-tegens
1776 3453 1863 3511 decus

1096 3545 1182 3600 Herse
1194 3542 1251 3599 nati
1266 3549 1294 3599 et
1306 3542 1453 3610 Mercurio,
1470 3541 1491 3598 si
1506 3561 1569 3600 rere
1585 3543 1695 3616 quidem
1720 3541 1862 3615 [chorum.

1096 3631 1170 3706 Ceyx
1186 3631 1303 3688 Herodis
1314 3634 1369 3700 snit
1382 3638 1478 3688 atavus
1490 3631 1643 3687 Theseide.

1090 3826 1220 3894 luppiter,
1234 3833 1313 3892 atque
1326 3825 1386 3876 dori
1400 3835 1548 3892 permeate
1560 3833 1586 3876 et
1603 3842 1714 3892 corpore
1728 3826 1861 3893 princeps.

1057 3945 1058 3948 κ
1089 3909 1212 3976 Juppiter
1226 3909 1331 3960 Oceano
1345 3925 1454 3960 uxorem
1464 3917 1524 3976 post
1536 3909 1630 3960 lunera
1640 3909 1713 3960 misit

1091 3996 1173 4062 Elysii
1188 3994 1301 4062 Zephyri
1317 3995 1473 4061 portandam
1487 3994 1610 4046 mollibus
1625 3994 1707 4045 auris.

1091 4085 1124 4134 At
1139 4081 1262 4149 princeps
1274 4082 1364 4132 lunata
1380 4081 1474 4146 pedam
1488 4081 1534 4131 dat
1547 4078 1653 4130 vincula
1664 4087 1726 4131 nato
1738 4095 1745 4130 ι

1091 4166 1180 4233 qualia
1194 4165 1340 4216 Mercurius
1354 4164 1485 4230 quondam
1499 4171 1618 4228 gestasse
1634 4171 1749 4228 putatur,

1092 4267 1171 4318 quum
1186 4252 1292 4301 flamma
1302 4250 1426 4308 AEuenm.
1444 4248 1564 4313 belloque
1577 4247 1665 4298 eduxit
1678 4248 1805 4299 Achivum

1092 4353 1139 4402 per
1153 4345 1257 4388 noctem
1273 4351 1279 4385 :
1294 4341 1321 4384 at
1335 4333 1419 4384 multa
1432 4347 1492 4382 cum
1507 4332 1566 4382 luce
1579 4331 1700 4383 salutifer
1710 4331 1750 4382 itti

1091 4421 1206 4472 circulus
1220 4420 1338 4470 haerebat
1353 4417 1472 4482 pedibus,
1489 4417 1557 4466 lause
1572 4415 1682 4468 seruulus
1696 4416 1776 4468 orbi:

1092 4521 1169 4572 quem
1182 4503 1235 4554 talo
1250 4501 1374 4552 adsutum
1384 4515 1446 4550 mox
1462 4500 1549 4551 nexuit
1560 4500 1711 4550 AEneadum
1724 4515 1798 4566 geas.

1091 4587 1224 4640 nobilibus
1238 4589 1339 4638 clarum
1353 4585 1478 4636 Ausoniis
1494 4583 1598 4651 insigne
1609 4585 1734 4635 futurum.

1092 4673 1263 4740 Cecropidem
1277 4671 1406 4739 quamvis.
1422 4669 1554 4734 Graiaque
1567 4670 1600 4720 ab
1615 4675 1692 4733 gente
1705 4669 1860 4733 protectum,

1092 4760 1160 4810 hunc
1172 4761 1257 4811 talare
1269 4759 1349 4808 decus
1363 4758 1509 4806 Tuscorum
1525 4760 1634 4804 uernat
1646 4767 1752 4804 auorum

1091 4843 1225 4894 Mercurio
1239 4849 1318 4907 atque
1331 4843 1413 4890 Herse
1430 4839 1562 4904 genitum,
1576 4837 1598 4888 si
1611 4835 1726 4886 creditur
1738 4835 1801 4885 olim

1092 4927 1174 4991 Ceryx
1188 4925 1301 4976 Herodis
1316 4923 1437 4975 Thesidae
1450 4922 1586 4989 sanguinis
1599 4929 1698 4971 auctor.

1093 5011 1139 5061 llle
1152 5019 1178 5061 et
1189 5011 1332 5060 honoratos
1347 5007 1469 5059 inscribit
1482 5007 1588 5058 nomine
1600 5006 1692 5066 fastos,

1093 5097 1119 5147 in
1135 5097 1239 5148 dominc
1253 5097 1329 5147 sedes
1342 5094 1442 5161 primas
1457 5099 1527 5145 tenet
1539 5093 1583 5144 illa
1599 5098 1705 5152 eeuatu;

1093 5199 1304 5248 necquemquem
1311 5182 1587 5248 Hellashabetgeasre
1597 5178 1733 5245 eloquiove
1746 5179 1861 5244 priorem

1095 5267 1199 5320 Herode
1213 5282 1220 5317 ι
1232 5266 1293 5318 hiuc
1308 5266 1383 5317 illum
1396 5266 1512 5330 linguam
1525 5261 1647 5314 recitarit
1661 5262 1834 5312 Athenarun.
