4076 6022
277 419 315 482 dd
728 424 988 487 ANTIIOLOGIAE
1009 424 1161 486 GRAEGAE
1181 425 1411 490 APPIINDICIS

277 554 358 604 dorio.
379 571 427 622 pro
448 557 562 616 στάδιον,
585 558 623 608 ct.
648 558 694 608 lat.
715 561 838 623 spolium.
863 557 943 624 Lapis
966 558 1046 608 babet
1099 557 1197 623 tripodi
1224 557 1390 624 inscriptum.
1423 559 1571 610 Pausanias
1599 557 1877 624 [Lacedaemoniorum

277 623 387 684 άνέδεκες
396 624 459 682 νίκα,
469 623 550 689 antiq.
564 623 729 691 sormampro
740 627 806 686 νίκη,
820 625 939 676 doricum
951 625 1046 692 imper·
1099 627 1163 690 rex],
1179 625 1295 690 insculpi
1305 625 1423 691 jusserat
1437 640 1443 673 :

278 689 383 738 sectum.

310 822 404 872 XXXI.
425 822 512 887 Apud.
536 823 631 873 Athen.
650 825 720 883 XIII,
738 840 763 888 p.
785 826 832 874 333
849 839 855 872 :
870 823 919 874 aet
939 825 1045 890 Χάρμου

276 894 321 940 τοῦ
340 891 585 968 πολεμαρχήσαντοςί
603 893 724 957 θυγατέρα
740 892 823 942 ε’λαάεν
851 891 934 954 Ἱππία
953 893 1046 956 (Hatsi-

275 955 400 1074 “iiiiii
408 959 525 1082 iiiiii*
528 973 633 1074 {tt-31³*
644 951 696 1075 3ξῖ
698 958 859 1090 ῗίνὶίὲίῗζ)
867 958 1048 1075 “Illita

275 1043 382 1204 Ξςχοσπήν
396 1097 447 1206 ἱτδοηΙ
472 1062 567 1206 ‘niptris
582 1043 764 1208 γρὺίσδαρηκαγδ
780 1043 822 1172 sd:
835 1062 897 1172 πρὸς
917 1043 1048 1208 Ἄκαδξηὶίείᾳ

275 1173 676 1299 ..13333σῗῖἶἭάίήίῖἵ3
693 1175 974 1284 tttttl‘ttttt‘,
996 1175 1048 1274 ..tt

277 1289 350 1362 Hier.
378 1291 474 1340 Bosch.
514 1307 540 1340 in
563 1289 653 1341 Flos-il,
675 1307 753 1355 praec.
777 1291 905 1341 Montiesa
924 1291 1047 1350 secando,

275 1355 329 1403 Tit.
340 1355 385 1413 111.
398 1371 424 1405 n.
442 1372 516 1408 xxiv.
533 1357 581 1406 sub
594 1358 643 1406 hoc
656 1356 796 1406 lemmate:
808 1355 1049 1423 7·“οίπίτῷ’”Εριστι

275 1422 416 1488 δπιγραφδν,
434 1425 470 1488 τῷ
484 1423 546 1489 πμδς
569 1424 699 1488 Ἀκαδημία
711 1424 840 1490 ίδρυδέντι.

308 1557 416 1608 XXXII.
451 1559 560 1609 Athenis
579 1558 606 1608 in
627 1572 698 1608 arce.
713 1555 802 1607 Edidit
816 1556 958 1607 Kircbhoii
971 1557 1048 1623 Corp.

276 1625 401 1692 intacti.
418 1625 466 1674 371
477 1640 484 1683 ς
496 1623 556 1674 inde
567 1626 598 1674 G.
612 1624 707 1674 Kaibel
719 1624 812 1688 Epipa-
822 1638 863 1687 με.
875 1639 888 1674 e
901 1623 982 1689 tepla.
998 1633 1047 1674 etc.

276 1692 336 1742 752.
352 1719 382 1729 -
398 1691 453 1740 Sub
470 1691 624 1741 tetrasticho
638 1690 734 1755 legitur
748 1690 849 1752 Ιίρίτιος
862 1689 904 1738 καί
917 1691 1051 1749 Νησιώτης

276 1754 436 1816 ἐποιησάτην.
455 1756 599 1821 Hegelochi
610 1757 679 1823 patri
689 1755 818 1806 sicuttllic
830 1770 925 1806 nomen
936 1767 993 1807 erat
1003 1757 1051 1806 Ec·

278 1820 401 1890 phantus.
427 1848 459 1860 -
478 1822 524 1873 Vs.
541 1825 566 1872 3.
587 1823 713 1886 μεγάληίν]
735 1821 843 1873 dubium
857 1822 976 1882 ridetur,
991 1837 1049 1872 cum

280 1895 420 1966 ΜΕΙΑΓ
427 1901 448 1963 Ε
484 1901 536 1960 ΤΕ
557 1905 672 1956 babeant
689 1906 859 1972 apographa;
878 1905 917 1956 sio
934 1905 1051 1957 correxit

280 2005 433 2066 Kirchhoff3
445 2003 541 2068 reliqui
552 2003 658 2067 μεγάλης
679 1989 846 2059 ΜΕΙΑὑΗ
855 1996 892 2062 Σ,
905 2004 974 2069 quod
987 2002 1050 2054 scri·

279 2093 364 2150 pturae
372 2082 492 2150 vestigiis
501 2081 600 2134 melius
611 2083 741 2136 convenit.

313 2217 433 2268 XXXIII.
450 2215 561 2268 Athenis
573 2215 601 2268 in
615 2232 684 2267 arce.
700 2214 848 2277 IIirchliotI,
864 2217 893 2266 C.
907 2217 985 2268 inser.
997 2221 1047 2268 ott.

281 2285 424 2350 397,cujus
440 2285 700 2350 supplementasunt.
709 2283 771 2332 Inde
779 2283 810 2332 G.
827 2283 944 2344 Kaibel.,
956 2286 1048 2350 Epipr.

278 2367 322 2417 pr.
336 2368 350 2402 e
365 2352 431 2417 Iup..
446 2360 496 2400 etc.
512 2352 571 2400 753.
589 2351 660 2400 Idem
678 2350 728 2399 boo
740 2348 825 2414 epigr.
843 2349 906 2400 olim
920 2357 1049 2401 tractare-

281 2425 323 2468 rat
337 2420 385 2482 (De
406 2420 522 2468 Monam.
539 2417 640 2482 aliquot
653 2431 730 2480 grec.
750 2431 832 2466 corna.
849 2432 875 2481 p.
896 2417 937 2480 llll
957 2425 983 2466 et
1003 2433 1049 2483 po-

280 2493 370 2536 suerat
386 2501 410 2534 ν.
427 2487 451 2533 3.
466 2477 500 2533 διν
515 2483 577 2534 ἕνεκ’
591 2483 638 2532 nisi
652 2489 679 2532 et
696 2499 720 2531 ν.
735 2483 749 2531 l
764 2483 835 2534 τάνδε
848 2485 1004 2548 χαριζομένη.
1019 2513 1049 2520 -

280 2551 327 2600 Vs.
343 2553 367 2601 3.
386 2551 517 2614 Αἰγιλιεὺς,
528 2551 562 2600 ab
576 2549 684 2612 Αδγιλίας
695 2547 739 2614 qui
753 2549 831 2614 δήμος
842 2551 886 2609 τής
907 2551 1050 2616 Ἀντιοχίδος

280 2619 357 2680 φυλῆς
370 2625 420 2668 est.

314 2738 424 2788 XXXIV
428 2741 471 2790 .In
483 2739 559 2789 Piraei
563 2737 710 2804 pontianolo
719 2737 846 2787 Eetionis.
860 2735 936 2786 Edid.
945 2735 1052 2786 Hirsch-

282 2803 334 2854 seld
351 2805 427 2855 Dior.
448 2805 521 2855 aruit.
542 2807 615 2859 1373,
632 2822 657 2870 p.
677 2805 734 2862 133,
751 2803 819 2853 unde
836 2804 868 2852 G.
881 2802 985 2853 Kaibel.
999 2803 1049 2868 Ep.

279 2885 322 2935 pr.
336 2885 351 2920 e
364 2871 418 2936 lnp.
433 2873 492 2922 753.
505 2899 534 2908 -
543 2872 589 2923 Vs.
602 2873 627 2920 2.
643 2893 655 2916 ι
667 2871 760 2928 πόληας
771 2884 818 2934 pro
828 2873 912 2925 πόλιας
923 2869 1050 2935 scriptum

281 2934 372 2988 nescio
384 2945 471 3004 poetae
483 2953 518 2988 an
532 2936 653 3004 lapicidae
665 2936 699 2986 sit
711 2951 795 2986 error.
808 2955 821 2980 ν
835 2937 865 2990 G.
878 2937 911 2986 K.

312 3071 420 3124 XXXV.
436 3069 550 3121 Exhibet
561 3071 676 3121 Pausan.
692 3071 714 3119 V
717 3070 738 3129 I,
751 3071 793 3128 23,
809 3071 839 3120 11
858 3084 864 3117 :
879 3070 914 3118 Τδ
927 3069 970 3132 μίν
981 3070 1010 3129 δή
1025 3069 1050 3127 it

282 3139 358 3208 δρχῆς
368 3138 489 3193 Ιίλεοίτας
502 3137 568 3188 ioris
584 3137 669 3200 ἄφεσιν
688 3139 900 3203 μηχανησάμενος,
913 3137 954 3184 καί
972 3137 1050 3200 [φασι]

281 3205 403 3271 φρονῆσαί
417 3221 446 3265 γε
459 3205 498 3254 Isti
512 3205 547 3266 τῷ
561 3205 681 3269 εὑρήματι
693 3206 726 3259 ὡς
740 3205 781 3252 καί
796 3205 937 3268 ἐπίγραμμα
955 3202 994 3252 ἐπὶ
1010 3203 1050 3253 du-

279 3273 371 3336 δριάντι
384 3271 420 3335 τῷ
442 3272 567 3338 ’Adrapsa
582 3270 723 3336 ἐπιγράψαι.
738 3269 776 3318 CI.
791 3269 827 3318 id.
845 3269 866 3327 1,
882 3270 923 3317 21.
942 3269 1049 3318 Lemma

280 3355 323 3404 ap.
339 3337 469 3394 Grotium,
488 3339 608 3387 nantas.
625 3351 676 3386 sec.
693 3352 718 3399 p.
735 3337 782 3384 322
799 3335 908 3385 :Thiasi
925 3337 960 3398 τῷ
983 3337 1049 3394 uts-

279 3399 1050 3532 lttt.tt⁶s‘lttltt‘t.t.¹t⁰t¹limitantis:

278 3551 380 3589 courses
400 3537 432 3586 de
447 3537 574 3594 siccatas,
590 3533 656 3584 dans
674 3533 712 3583 les
732 3535 809 3583 Μάνη.
829 3533 862 3583 de
883 3533 983 3584 I’Acad.
1005 3534 1050 3584 dea

278 3605 397 3668 inscript.
411 3601 457 3662 XI,
471 3603 519 3651 513
533 3616 573 3666 sq.
589 3601 671 3650 in-lh.
688 3627 718 3637 —
733 3601 780 3650 Vs.
793 3602 815 3649 1.
825 3599 895 3664 vulg.
912 3617 968 3662 σευ,
980 3597 1050 3651 inter

278 3671 358 3720 verba
372 3669 503 3733 ίππάγεοιν
516 3675 542 3718 et
559 3667 692 3734 Ὀλυμπίᾳ,
708 3667 776 3731 quod
786 3665 881 3716 delevit
895 3665 1005 3725 Pacius,
1023 3673 1049 3716 et

279 3735 473 3786 claudicantem
494 3735 556 3786 iecit
569 3749 682 3784 versum.
705 3761 735 3770 -
756 3731 870 3783 amnes.
894 3737 922 3782 et
940 3733 1047 3783 Jacobs.

277 3802 378 3869 εὑματο.

312 3924 432 3974 XXXVI.
452 3943 465 3968 ι
477 3921 519 3972 Ad
536 3933 661 3986 magnum
680 3920 794 3986 lapidem
811 3919 838 3968 in
852 3933 916 3982 agro
936 3917 1049 3970 Athena·

278 4005 347 4040 inm.
364 4009 376 4034 ν
393 3988 527 4053 Cyriacus,
542 4003 569 4053 p.
582 4003 638 4046 xiv,
652 4003 678 4036 n.
694 3991 750 4039 133,
764 3993 790 4035 et
803 3985 921 4050 ejusdem
935 3999 965 4034 ex
976 3985 1049 4034 sche-

279 4057 320 4108 dis
330 4055 492 4106 Muratorius
504 4063 523 4104 t.
535 4055 556 4114 1,
570 4071 595 4120 p.
609 4069 688 4112 extu,
701 4055 725 4103 5.
735 4053 822 4103 Habet
834 4051 914 4101 etiam
928 4050 1047 4102 Bonada.

278 4124 315 4173 Ex
333 4124 374 4173 his
391 4121 482 4180 edidit,
503 4129 532 4171 ut
546 4121 639 4188 potuit,
655 4119 765 4171 Boecltb.
780 4119 858 4184 Carpi.
876 4124 895 4166 t.
909 4118 930 4176 Ι,
945 4133 970 4181 p.
990 4119 1047 4176 171,

276 4205 337 4240 cum
352 4191 403 4240 hac
417 4195 479 4239 nota
494 4204 500 4239 :
514 4209 526 4232 ν
538 4191 566 4239 ln
580 4187 677 4246 Attica,
690 4194 719 4236 ut
730 4183 858 4244 Corinthi,
874 4185 945 4234 culta
963 4186 1049 4243 Ἀθηνᾶ

276 4259 356 4316 lania,
375 4270 457 4319 eaque
474 4255 501 4305 in
519 4254 595 4307 demo
615 4251 760 4312 Acbarnis,
774 4251 819 4302 ubi
838 4250 917 4300 simul
930 4250 1050 4302 Minerva

277 4322 380 4386 Hygiea
404 4322 477 4372 culta
495 4327 536 4371 est
546 4339 553 4386 ;
564 4321 645 4386 igitur
659 4318 790 4370 Acharnis
807 4317 913 4384 quidam
930 4317 958 4366 in
970 4317 1049 4367 stadii

277 4390 318 4438 vel
329 4386 498 4453 hippodromi
515 4386 666 4440 carceribus
682 4386 807 4437 Minervae
817 4384 921 4448 signum
936 4398 995 4432 cnm
1007 4383 1048 4433 his

276 4455 363 4504 verbis
378 4454 465 4519 posuit
479 4469 527 4519 pro
539 4456 633 4520 άφίσει.
646 4454 714 4504 Rem
728 4452 846 4502 declarat
861 4452 935 4500 locus
950 4451 1048 4500 Pausa-

276 4521 337 4580 niae‚
350 4523 371 4581 Ι,
384 4523 425 4578 31,
440 4529 524 4572 exta:
538 4525 612 4572 ’Ἔστι
624 4521 651 4570 δὲ
669 4519 779 4586 Ἀχαρναὶ
793 4518 879 4578 δῆμος·
899 4508 969 4567 οὑτοι
985 4517 1046 4567 θεῶν

283 4589 418 4638 Ἀπόλλωνα
436 4589 539 4651 τιμῶσιν
562 4590 654 4651 Ἆγυιία
668 4587 710 4637 καί
732 4585 870 4651 Ἡρακλέα·
886 4583 928 4632 καὶ
952 4582 1049 4641 Ἀθηνᾶς

276 4654 362 4718 βωμός
382 4655 448 4704 ἐστιν
484 4655 589 4716 Ὑγείας·
611 4653 677 4712 τήνδ’
705 4653 800 4702 Ἱππίαν
832 4650 928 4708 stavit
954 4650 1046 4713 δνομεί·

277 4724 354 4783 ζουσι,
371 4739 395 4771 κ.
410 4737 433 4770 τ.
451 4723 474 4771 λ.
491 4721 540 4782 (Cf.
553 4721 636 4785 δορὴ,
650 4719 714 4770 OEd.
733 4718 789 4768 Cot.
807 4717 879 4774 1336,
893 4716 1009 4765 Pausan.
1024 4716 1045 4774 Ι,

277 4789 318 4846 33,
336 4787 422 4851 θεία).
441 4807 453 4832 ν
471 4786 561 4838 Edidit
573 4795 600 4837 et
615 4786 664 4836 Pb.
680 4785 775 4834 Lebas.
798 4784 910 4848 Voynpe,
922 4791 973 4831 etc.
991 4783 1046 4831 Ias·

277 4855 365 4918 cripit.
382 4869 434 4904 rec.
447 4861 465 4902 t.
483 4853 502 4914 I,
518 4855 600 4920 Attiq.
618 4869 644 4918 p.
662 4855 701 4912 12,
715 4868 741 4901 n.
756 4852 787 4900 27
802 4865 827 4899 a.
841 4875 870 4886 -
882 4849 928 4898 Vs.
942 4851 964 4897 I.
978 4849 1045 4912 Sup-

278 4921 332 4985 plet
346 4920 396 4969 Ph.
410 4919 495 4970 Lebas
510 4923 679 4986 Φερεκράτης.

309 5047 441 5097 XXXVII.
454 5049 530 5113 Apud
546 5045 653 5096 Diodor.
668 5043 749 5094 Sioul.
763 5043 809 5100 XI,
824 5043 854 5090 33
864 5056 870 5088 :
880 5042 909 5093 Oi
919 5040 940 5088 δ’
955 5040 1043 5096 ’Ἔλλη-

1207 739 1328 797 Ἑλλήνων
1343 738 1459 803 ἀρχηγός,
1475 737 1526 786 ἐπεί
1540 753 1565 785 κ.
1582 753 1605 784 τ.
1620 738 1643 786 λ.

1101 843 1143 905 Ν.
1157 843 1237 893 Antis.
1253 843 1340 894 Poial.
1352 844 1394 893 ed.
1412 843 1499 892 Didot.
1514 842 1559 900 Vl,
1578 843 1644 906 13η,
1666 845 1735 908 quod
1753 846 1879 898 Lacedae·

1100 910 1182 959 monii
1197 917 1344 968 eraserunt,
1360 908 1509 959 substitutis
1522 923 1614 958 aarum
1639 908 1774 961 civitatum
1791 913 1879 964 nomi-

1101 975 1257 1041 nibusque
1272 977 1400 1026 barbaros
1410 977 1442 1025 ad
1458 977 1573 1025 Plataeas
1589 983 1797 1039 prostraverant.
1808 981 1879 1030 Thu·

1101 1041 1187 1104 cydid.
1203 1043 1223 1102 I,
1239 1045 1297 1100 132,
1312 1045 1328 1092 ά
1342 1058 1393 1107 qno
1411 1057 1464 1092 non
1475 1041 1598 1093 dissentit
1613 1043 1879 1102 Demostheneseeu

1102 1108 1245 1172 quisalius
1264 1117 1356 1159 auctor
1372 1117 1440 1159 orat.
1458 1111 1485 1158 in
1502 1109 1587 1159 Nea-r.
1609 1124 1635 1174 p.
1656 1112 1714 1160 tto.
1732 1112 1831 1177 ltaque,
1855 1114 1880 1165 si

1102 1176 1152 1225 hoc
1173 1175 1305 1226 dIstichon
1330 1175 1358 1224 in
1380 1175 1483 1240 tripode
1506 1173 1585 1225 luerit
1610 1175 1745 1242 scriptum,
1773 1189 1880 1245 oportet

1102 1255 1202 1302 earum,
1219 1257 1284 1306 quas
1299 1241 1360 1302 dixi,
1376 1242 1514 1292 civitatum
1529 1241 1636 1292 nomina
1656 1244 1774 1308 subjecta
1794 1247 1879 1298 luisse

1103 1308 1250 1360 arbitreris.
1266 1329 1278 1355 ν
1297 1309 1446 1374 Wesselinp.

1136 1443 1280 1493 XXXVIII.
1288 1441 1366 1508 Apud
1375 1441 1569 1500 Athen.,XII,s.
1578 1443 1619 1500 53,
1630 1445 1751 1507 p.5³6,ex
1760 1445 1877 1512 Nymph.

1105 1507 1256 1560 Heracleot.
1265 1509 1292 1559 in
1305 1509 1366 1558 libr.
1377 1509 1471 1558 Deoua
1483 1510 1583 1573 patrio,
1593 1523 1642 1558 νιιι
1655 1525 1662 1558 :
1676 1513 1820 1568 Παυσανίας
1823 1549 1877 1564 .....

1105 1575 1160 1640 περὶ
1185 1576 1316 1633 Βυζάντιον
1341 1575 1489 1642 διατρίδων,
1510 1574 1619 1639 χαλκοῦν
1643 1577 1686 1628 τὸν
1712 1578 1877 1641 ἀνακείμενον

1105 1659 1831 1774 ι..
1847 1643 1877 1734 δ’

1105 1773 1181 1831 αὐτὸς
1191 1774 1298 1830 ἀναθεὶς,
1310 1774 1409 1830 ὑποθεὶς
1422 1775 1479 1824 τάδε
1494 1745 1523 1824 ’ίδ
1540 1774 1694 1840 ἐπίγραμμα,
1707 1727 1748 1828 δίεί
1760 1781 1803 1838 τήν
1814 1731 1880 1844 ’τραὺῗ

1106 1843 1153 1904 σήν
1163 1839 1206 1890 καί
1219 1840 1389 1908 ὑπερηφανίαν
1402 1840 1675 1904 ίπελαδόμενοςαὺτοίν·
1688 1844 1772 1906 ΜνάμΙ
1785 1845 1880 1909 ἀρετᾶς

1105 1924 1131 1956 κ.
1155 1924 1179 1956 τ.
1200 1910 1223 1957 λ.
1251 1936 1281 1944 -
1301 1909 1348 1956 Vs.
1372 1909 1397 1968 ί,
1422 1907 1492 1970 vulg.
1517 1908 1688 1974 λίλιμάράτου.
1714 1910 1880 1975 Scripsimus

1105 1974 1294 2039 λίλευμδράτσυ,
1312 1973 1411 2032 dorice,
1434 1973 1495 2024 Vid.
1516 1974 1651 2025 Anauoire
1669 1975 1702 2025 de
1717 1975 1821 2028 I’Assoe.
1845 1995 1876 2045 p.

1105 2039 1317 2105 Venenum-des
1325 2025 1406 2090 It'tud.
1413 2055 1454 2105 pr.
1464 2041 1537 2100 1373,
1547 2057 1573 2106 p.
1585 2041 1641 2090 113.
1649 2042 1717 2093 Leti.
1727 2043 1760 2093 de
1771 2045 1879 2096 anck

1105 2122 1172 2173 quas
1184 2107 1297 2172 primum
1307 2105 1446 2157 edidimus.

1137 2241 1258 2292 XXXIX.
1276 2239 1314 2289 Ex
1336 2239 1471 2290 Plutarch.
1493 2241 1529 2291 De
1550 2241 1645 2290 Herod.
1669 2241 1760 2308 malip.
1784 2259 1878 2304 xxxiv,

1106 2310 1130 2367 3,
1154 2315 1189 2359 et.
1208 2307 1328 2357 Thermia.
1346 2321 1401 2365 sin,
1423 2327 1435 2352 ιι
1456 2305 1499 2370 qui
1515 2307 1564 2356 hoc
1588 2323 1695 2358 carmen
1714 2309 1879 2374 insculptum

1106 2374 1185 2424 tuisse
1197 2371 1280 2422 tradit
1292 2370 1339 2422 uni
1356 2373 1538 2422 columnarum
1553 2387 1585 2422 ex
1599 2388 1732 2425 marmore
1745 2391 1802 2442 quaa
1820 2371 1878 2427 sia-

1106 2443 1170 2490 bant
1184 2440 1255 2490 circa
1270 2438 1397 2504 templum
1411 2439 1513 2496 Dianae,
1529 2438 1556 2488 in
1575 2439 1734 2502 Artemisio,
1752 2457 1877 2507 promon-

1106 2506 1174 2558 torio
1185 2507 1302 2556 Euboeae.
1317 2525 1340 2553 n.
1356 2507 1412 2555 Iac.
1430 2533 1460 2541 -
1480 2507 1527 2554 Vs.
1544 2507 1568 2555 t.
1588 2507 1703 2570 σήματα,
1726 2510 1875 2570 columnas,

1106 2573 1245 2638 dequibus
1260 2571 1427 2630 Plutarchus,
1442 2573 1460 2622 l.
1476 2587 1499 2622 c.
1516 2587 1522 2620 :
1538 2573 1625 2632 στῆλαι
1639 2573 1724 2634 κύκλῳ
1739 2575 1806 2624 tneo
1818 2579 1877 2626 λευ-

1105 2648 1152 2691 κοῦ
1171 2641 1324 2701 πεπήγασιν·
1347 2641 1361 2686 δ
1384 2637 1411 2688 δδ
1434 2639 1500 2694 λίθος
1522 2645 1551 2704 τῇ
1574 2641 1635 2705 χειρί
1659 2641 1811 2706 τριάόμενος.
1833 2645 1878 2694 καί

1105 2707 1182 2775 χρόαν
1197 2706 1237 2756 καί
1250 2707 1330 2769 δομὴν
1344 2705 1507 2771 κροκίζουσαν
1519 2705 1676 2756 άναδίδοοσιν.

1138 2840 1194 2890 XL.
1215 2839 1253 2888 Ex
1270 2836 1385 2887 Diodoro
1409 2836 1492 2887 Sicul.
1511 2838 1556 2898 XI,
1585 2840 1624 2888 13.
1650 2838 1746 2889 dedere
1771 2841 1875 2892 Bonad.

1104 2905 1212 2956 Anthol.
1223 2920 1249 2970 p.
1263 2905 1306 2963 73,
1320 2902 1557 2956 amarulenti.
1572 2903 1617 2960 111.
1631 2920 1656 2968 p.
1675 2907 1732 2966 173,
1742 2923 1767 2956 ιι.
1783 2923 1876 2968 cxmrt,

1103 2973 1211 3023 Jacobs.
1225 2971 1345 3048 Appenni.
1361 2973 1452 3037 Epipr.
1464 2987 1490 3021 n.
1507 2973 1566 3019 212.
1580 2991 1592 3016 ι
1608 2972 1716 3030 Xerxes,
1727 2971 1878 3038 irruptione

1105 3039 1133 3090 in
1156 3041 1287 3089 Graeciam
1312 3037 1391 3098 sacta,
1420 3053 1527 3088 manum
1559 3037 1645 3096 misit,
1669 3054 1728 3104 quae
1752 3041 1879 3106 Delphici

1105 3105 1238 3172 Apollinis
1260 3107 1386 3169 templum
1401 3105 1536 3170 diriperet.
1554 3103 1588 3153 st
1605 3103 1662 3167 jam
1684 3105 1774 3156 Persae
1791 3123 1877 3173 usque

1105 3175 1138 3224 sd
1159 3172 1285 3223 Minervae
1307 3171 1434 3236 templum
1460 3177 1676 3236 penetraverant,
1699 3187 1758 3222 cum
1780 3173 1878 3238 ingens

1105 3247 1249 3304 tempestas
1270 3245 1359 3287 exorta
1374 3253 1418 3287 eos
1435 3237 1461 3286 in
1474 3237 1563 3301 sugam
1577 3235 1700 3298 conjecit.
1718 3239 1775 3296 Quo
1794 3240 1874 3303 tacto,

1105 3305 1201 3370 Delphi
1223 3311 1352 3367 tropaeum
1373 3311 1515 3368 posuerunt
1535 3303 1568 3353 ad
1595 3301 1721 3354 Minervae
1747 3307 1876 3371 templum

1104 3389 1163 3423 cum
1174 3371 1223 3421 boc
1236 3369 1435 3436 epigrammate.
1452 3369 1496 3419 Sic
1507 3371 1564 3420 haec
1579 3369 1649 3436 apud
1662 3370 1808 3422 Diodomm
1820 3383 1876 3424 tra·

1105 3439 1210 3488 duntur.
1218 3438 1253 3487 At
1264 3435 1290 3486 in
1301 3452 1316 3487 e
1336 3434 1491 3500 igrammate
1501 3435 1560 3502 ipso
1571 3435 1669 3502 Delphi
1682 3437 1878 3504 Persas,Apol·

1104 3505 1157 3554 line
1172 3503 1297 3568 juvante,
1314 3452 1418 3566 iirgasse
1433 3501 1563 3564 dicuntur,
1584 3503 1726 3566 quodcum
1745 3505 1877 3556 Herodoti

1104 3569 1256 3620 narratione
1275 3569 1354 3634 (VIIl,
1370 3568 1411 3632 33)
1425 3567 1554 3617 convenit.
1568 3587 1580 3612 ν
1592 3569 1648 3620 Iac.
1665 3597 1695 3606 -
1709 3570 1770 3620 Vss.
1784 3574 1799 3621 2
1818 3579 1846 3622 et
1860 3575 1875 3623 3

1104 3638 1277 3699 άπωααμίνοις
1294 3642 1320 3686 et
1338 3635 1486 3699 ρυσαμὲνοις
1499 3634 1587 3698 legere
1605 3635 1699 3685 maluit
1713 3637 1875 3689 Walckena·

1104 3703 1169 3764 rius,
1189 3702 1259 3767 quod
1277 3700 1377 3765 recepit
1394 3699 1500 3750 Anthol.
1519 3699 1577 3750 rat.
1599 3700 1711 3764 gallicus
1729 3701 1873 3771 interpres,

1103 3770 1238 3834 Deh'eque,
1252 3775 1273 3817 t.
1287 3769 1319 3828 11,
1333 3783 1358 3832 p.
1372 3767 1431 3828 213,
1444 3767 1562 3832 Append.

1136 3905 1204 3954 XLI.
1236 3904 1272 3954 Ex
1299 3903 1414 3951 Pausau.
1445 3901 1477 3960 V,
1507 3903 1549 3961 25,
1582 3904 1621 3952 13.
1655 3923 1666 3948 ν
1694 3901 1787 3953 Achaei
1812 3904 1873 3954 Iovi

1103 3969 1240 4036 Olympico
1255 3967 1442 4019 dedicaverunt
1454 3973 1555 4017 statuas
1567 3968 1685 4026 heroum,
1699 3969 1742 4033 qui
1760 3969 1786 4018 in
1803 3970 1874 4021 bello

1104 4038 1221 4103 Trojano
1242 4051 1300 4086 cum
1328 4035 1456 4092 Hectore,
1481 4033 1639 4084 fortissimos
1661 4034 1815 4086 Graecorum
1838 4038 1873 4086 ad

1105 4105 1239 4170 singulare
1258 4107 1392 4152 certamen
1410 4106 1583 4164 provocante,
1599 4101 1768 4162 congressuri
1785 4109 1872 4152 erant.

1104 4170 1183 4221 Prius
1201 4168 1333 4219 distichon
1352 4166 1511 4232 insculptum
1535 4172 1630 4216 statute
1646 4164 1795 4228 Idomenei;
1809 4170 1875 4219 alte·

1104 4253 1162 4287 rum
1177 4236 1313 4300 legebatur
1322 4233 1350 4283 in
1363 4233 1482 4295 ejusdem
1495 4231 1596 4300 clypeo.
1609 4251 1622 4276 ν
1635 4231 1737 4282 Jacobs.
1753 4235 1778 4293 2,
1793 4251 1831 4284 νε.
1848 4237 1871 4284 1.

1104 4304 1225 4358 Onatam.
1237 4299 1349 4351 Miconis
1365 4298 1447 4350 filium
1457 4299 1576 4350 floruisse
1585 4305 1689 4349 constat
1703 4299 1744 4350 Ol.
1761 4316 1872 4353 nxxvur.

1104 4371 1143 4420 CI.
1159 4368 1265 4420 Antlsol.
1278 4365 1335 4418 rat.
1352 4365 1435 4430 epigr.
1452 4365 1595 4431 Antipatri,
1612 4366 1657 4422 tx.
1671 4366 1729 4428 233,
1741 4375 1767 4418 et
1781 4367 1809 4417 in
1821 4369 1873 4419 bac

1103 4443 1194 4487 nostra
1203 4433 1312 4500 sylloge,
1325 4433 1404 4483 XLII.

1135 4572 1215 4622 XLII.
1235 4571 1406 4621 DxPausan.
1426 4569 1458 4626 V,
1478 4571 1519 4625 25,
1541 4571 1580 4628 13,
1608 4575 1634 4618 et
1661 4569 1730 4624 VIII,
1758 4569 1799 4624 12,
1826 4569 1868 4618 13.

1102 4639 1222 4689 Primum
1234 4637 1343 4688 Herculi
1357 4651 1430 4687 aeneo
1443 4635 1469 4686 in
1485 4635 1607 4701 Olympia
1621 4649 1637 4685 a
1654 4633 1761 4684 Thasiis
1771 4633 1870 4692 dicato,

1101 4707 1245 4770 Onatasque
1259 4702 1512 4770 operi,·inscriptum
1525 4709 1564 4752 est
1578 4703 1627 4752 hoc
1642 4700 1773 4751 distichon
1791 4715 1873 4764 super

1101 4787 1175 4822 aenea
1189 4771 1261 4831 basi3
1271 4770 1331 4820 dein
1345 4769 1440 4820 iterum
1450 4769 1477 4820 in
1488 4769 1614 4828 donariis,
1630 4767 1749 4832 ejusdem
1760 4766 1872 4818 artificis

1100 4837 1233 4902 operibus,
1248 4853 1306 4900 quae
1327 4838 1360 4886 ab
1376 4837 1491 4886 Hierone
1507 4851 1555 4900 pro
1571 4835 1736 4899 equestribus
1752 4833 1870 4885 victoriis

1101 4904 1240 4968 promissa,
1255 4904 1415 4954 Dinomenes
1428 4903 1506 4960 illius,
1522 4911 1582 4969 post
1600 4900 1656 4966 ejus
1675 4909 1786 4952 mortem
1797 4900 1870 4951 dedi·

1099 4973 1177 5020 carit.
1194 4999 1225 5008 -
1243 4970 1342 5026 Micon,
1357 4969 1450 5020 Onataa
1471 4977 1554 5034 pater,
1578 4968 1600 5019 si
1626 4967 1713 5018 Plinio
1737 4969 1871 5019 credimus

1099 5037 1227 5096 (XXXIV,
1238 5039 1272 5100 8),
1289 5035 1415 5086 «athletis
1430 5039 1631 5099 spectabaturo
1645 5063 1675 5072 -
1689 5037 1737 5085 Vs.
1753 5039 1776 5085 1.
1793 5035 1864 5098 vulg,

277 5133 316 5170 νες
337 5117 407 5180 (post
436 5116 609 5164 Plataeensem
638 5109 785 5172 victoriam)
804 5108 833 5157 ἐκ
857 5107 907 5156 τῶν
928 5105 1043 5170 λαφύρων
1096 5105 1150 5158 Ιλὸς
1165 5105 1208 5164 μίν
1220 5120 1257 5164 γε.
1275 5131 1304 5140 -
1321 5103 1367 5151 Vs.
1381 5103 1404 5151 2.
1423 5101 1536 5153 Vindob.
1554 5111 1580 5154 et
1594 5101 1678 5152 Mose.
1697 5103 1774 5153 codd.
1791 5105 1872 5153 αὑτδο

276 5183 382 5241 δεκάτην
400 5183 536 5245 ἐξελόμενοι
548 5177 735 5228 κατεσκεὺασαν
749 5177 857 5239 χρυσοῦν
873 5173 986 5236 τρίποδα,
1001 5172 1043 5220 καί

278 5247 397 5307 άνὲδηκαν
411 5250 445 5304 είς
457 5245 566 5310 Δελφοὺς
580 5245 757 5309 ἐπιγράψαντες
771 5241 876 5302 ἐλεγεῖον
892 5240 965 5288 τάδε·
991 5239 1043 5287 Ἓλ-

275 5311 347 5371 ttae<
366 5333 391 5364 κ.
413 5331 435 5364 ε.
455 5315 478 5364 λ.
496 5335 509 5354 ι
527 5309 643 5364 Dubium
662 5315 711 5370 est,
727 5307 796 5358 sitne
813 5308 863 5358 boo
877 5305 1042 5372 epigramma

1097 5186 1135 5218 sc.
1152 5169 1248 5231 άγαλμα
1260 5169 1299 5218 vel
1313 5169 1435 5231 άνάδημα.
1448 5194 1479 5205 -
1495 5170 1524 5218 In
1540 5168 1714 5233 inscriptione
1734 5168 1781 5219 lib.
1797 5169 1867 5228 VIII,

1097 5237 1138 5290 12,
1156 5238 1195 5293 10,
1215 5249 1262 5299 pro
1281 5235 1355 5288 αὐτὸς
1370 5233 1467 5298 legitur
1486 5237 1581 5302 Νάσῳ,
1597 5249 1677 5304 quam
1692 5234 1731 5286 sio
1748 5234 1870 5286 sensibus

1097 5302 1187 5353 Iatiois
1200 5301 1278 5352 vertit
1291 5301 1447 5352 Amasaeus:
