4102 6026
583 383 708 442 CAPUT
729 381 766 440 11.
786 373 1069 440 ueloathlATA
1090 373 1366 436 suentensem.
1711 379 1767 438 lua

184 519 303 578 διπλοῦν
317 522 348 576 τό
363 523 464 576 κακόν·
482 519 505 574 τί
519 515 548 572 ot
563 519 610 572 καὶ
622 517 745 594 χρηστοῦ
760 515 865 574 τίκνου,
1008 511 1109 584 duplex
1120 520 1160 569 est
1172 511 1288 582 malum
1305 515 1328 570 si
1343 521 1371 571 et
1384 515 1450 572 boni
1462 515 1549 589 gnati,
1593 515 1766 590 [sepulcrum

183 609 281 665 πλεῖον
295 611 326 664 τό
340 606 444 664 δεινόν·
462 608 486 662 εί
498 603 523 662 δ’
539 607 666 682 οἰριστίως
679 600 773 664 πάλιν,
1007 599 1149 673 multiplex
1162 602 1303 666 damnum:
1320 603 1343 658 ei
1358 610 1386 660 et
1397 603 1537 676 optimatis
1552 604 1644 669 etiam,

188 701 203 769 ῆ
221 699 352 775 συμφορὰ
364 699 435 773 πῦρ·
452 703 476 750 τί
489 692 518 750 at
532 696 652 771 νυμρίου
665 694 740 763 νίου,
1008 687 1099 743 clades
1111 688 1184 762 ignis
1195 691 1267 746 educ
1280 695 1335 756 est;
1345 690 1368 746 si
1381 698 1515 765 preterea
1527 693 1620 766 sponsi
1626 693 1754 766 junioris,

152 799 169 843 5
182 789 203 856 ῆ
220 783 323 864 καρδία
337 783 439 862 ράγηθι
451 785 505 838 τῶν
518 785 698 859 γεννητόρων.
1008 794 1056 832 eor
1069 777 1196 850 frangere
1209 786 1364 852 pareutum.

185 877 383 952 Πρυηρπόσοις,
398 875 459 936 παῖ,
474 875 527 925 τῶν
540 873 671 926 τεκόντων
684 869 731 922 τόν
744 869 841 942 πόρον,
1009 865 1188 939 Proripuisti,
1204 865 1252 934 dli,
1268 877 1412 940 parentum
1427 869 1592 942 sepulcrum,

186 967 223 1028 ὡς
236 966 368 1040 πατρικόν
382 981 409 1016 τι
419 961 515 1035 κτῆμα
528 961 576 1014 καί
588 957 692 1034 κλῆρον
707 958 803 1032 μέγαν.
1009 959 1039 1008 ut
1052 960 1195 1027 paternum
1210 957 1346 1028 quoddam
1361 957 1492 1029 praedium
1505 965 1532 1014 et
1546 976 1673 1032 magnam
1689 962 1769 1016 hero-

186 1053 281 1108 Πισων
296 1047 321 1106 δ’
337 1051 469 1127 ἀρυπνοῖς
482 1047 571 1124 ὥσπερ
587 1042 798 1107 ίκκόπωνλίων,
1535 1047 1640 1120 [ditetis
1654 1057 1769 1123 partem.

184 1142 257 1217 ῆμῖν
271 1138 359 1195 λιπὼν
372 1139 420 1192 τόν
435 1135 535 1214 θρῆνον
550 1137 586 1199 ὡς
598 1134 703 1212 κλῆρον
716 1136 791 1187 νίον·
1008 1127 1136 1185 Cecidisti
1147 1137 1176 1186 et
1188 1129 1368 1188 obdormiscis
1384 1140 1415 1189 ut
1428 1133 1597 1207 defatigatus
1609 1136 1663 1204 leo,

138 1235 170 1280 to
185 1229 355 1305 πιπώκαμίν
368 1246 426 1290 τως
439 1228 534 1302 κρᾶμα
547 1220 631 1279 κόνδυ
642 1224 760 1300 πικρίας,
1009 1215 1102 1273 relicto
1117 1217 1197 1274 nobis
1210 1220 1332 1294 planctu,
1348 1221 1431 1278 sortis
1444 1238 1521 1280 uovae
1533 1223 1620 1282 instar
1634 1242 1640 1280 :
1683 1228 1768 1300 [num

187 1319 331 1394 ίμύσαμιν
344 1315 412 1392 πρὸς
424 1317 513 1368 πάντα
526 1309 606 1367 πάνθ’
620 1311 689 1387 ἡμῖν
703 1313 786 1372 κόνις,
1009 1303 1127 1363 bibimus
1146 1307 1224 1380 quusi
1242 1307 1499 1383 barbarico-poculo
1523 1313 1711 1370 amaritudinis
1731 1315 1769 1370 vi-

187 1407 236 1461 κοιί
249 1403 405 1479 θνῆσκομιν
417 1401 450 1456 τό
467 1395 575 1476 μιίζον·
589 1397 653 1454 ἀλλ’
665 1397 742 1472 ῆμοῑς
757 1393 840 1472 δίχοα
1010 1394 1156 1468 clausoque
1178 1396 1213 1451 ad
1238 1397 1329 1454 omnia
1349 1398 1429 1454 nobis
1456 1399 1548 1456 omnia
1570 1408 1703 1469 tenemus,
1724 1404 1769 1476 qui

185 1496 232 1550 σοί
245 1493 452 1568 συμμινοῦντας
464 1489 515 1558 τὴν
532 1489 638 1564 μακρὰν
652 1487 809 1563 παροικίαν,
1553 1489 1653 1563 [pulvis
1667 1507 1770 1560 suinae,

187 1581 249 1658 μεθ’
264 1582 301 1650 ῆν
317 1580 466 1656 μετασταίη
473 1597 521 1653 μιν
536 1578 573 1639 τίς
584 1579 668 1630 τόπον
682 1571 781 1650 χλόης,
1009 1579 1038 1626 ot
1049 1571 1178 1629 morimur
1189 1573 1286 1646 majori
1300 1581 1394 1648 perte;
1412 1575 1460 1631 sed
1477 1593 1528 1632 nos
1541 1575 1634 1650 accipe

140 1671 168 1712 15
185 1673 225 1735 ,ῖς
236 1671 344 1748 ιιραίων
357 1669 421 1744 γῆν,
440 1668 477 1730 τίς
491 1664 637 1740 ἀναψυχῆς
651 1659 736 1737 ὕδωρ.
1009 1665 1098 1715 tecum
1113 1677 1257 1717 mansuros
1270 1660 1298 1718 in
1312 1663 1441 1719 diuturna
1456 1664 1636 1733 habitatione,

1010 1754 1163 1822 postquam
1174 1749 1481 1808 utinamtransleramur
1493 1753 1618 1810 inlocum
1628 1755 1769 1820 virentem,

1009 1835 1182 1898 inhonorum
1196 1842 1307 1906 terram,
1323 1838 1358 1894 ed
1373 1839 1592 1914 refrigerationis
1608 1859 1716 1915 equam.

430 1992 498 2049 113.
522 1998 584 2047 Tor
601 1997 716 2046 eruor.
1277 1989 1338 2045 773.
1359 1997 1505 2045 siusonu.

251 2109 290 2164 Είς
301 2107 345 2164 τῆν
359 2103 441 2154 elaios
453 2105 496 2161 τόν
510 2104 642 2164 ἱσταμένην
656 2101 737 2151 ὶπίνω
755 2097 799 2149 τοῖν
814 2099 892 2162 τάφου
1025 2093 1053 2144 Io
1069 2091 1209 2158 imaginem
1223 2093 1336 2158 positam
1349 2107 1428 2160 super
1443 2097 1563 2162 sepulcro
1577 2098 1752 2166 (Andronici).

478 2179 486 2241 (
497 2177 666 2241 Ἀνδρονίκου).

189 2305 298 2380 Στάχυν
312 2297 395 2355 πάθει
407 2296 559 2374 ςμηόόντα,
573 2299 620 2352 καὶ
639 2295 736 2372 βότρυν
751 2299 833 2372 νόσῳ,
1011 2289 1121 2364 Spicam
1140 2290 1234 2347 dolore
1253 2298 1355 2347 sectam
1370 2299 1398 2348 et
1417 2309 1551 2348 recemum
1574 2294 1668 2350 morbo
1686 2296 1773 2352 ducer-

188 2390 355 2466 στλαγχνῶν
369 2389 443 2464 ίμῦν
457 2387 488 2442 τό
502 2389 595 2440 τίκνον
610 2387 730 2462 open-(iv
745 2382 806 2442 δίου
1012 2395 1028 2434 e
1041 2377 1191 2436 visceribus
1204 2377 1271 2434 meis
1282 2379 1368 2434 filium
1380 2387 1487 2453 raptum
1502 2397 1517 2436 e
1531 2381 1587 2439 vito
1686 2385 1772 2456 [ptum
1864 2437 1868 2444 .

189 2483 234 2535 ,οὶ
247 2483 282 2554 τῇ
297 2479 427 2552 peropto
441 2477 488 2528 νῦν
502 2477 623 2551 παριστῦ
637 2471 772 2551 παρδίνῳ.
981 2401 985 2528 i
1011 2469 1061 2523 tibi
1074 2467 1234 2524 castissimas
1247 2485 1319 2524 nunc
1333 2469 1418 2526 oliero
1430 2469 1540 2544 virgini.

188 2570 283 2643 Τούτῳ
297 2567 379 2642 γίνου
391 2565 427 2618 τὰ
440 2565 539 2634 πάντα,
557 2565 622 2638 φῶς,
640 2563 769 2638 σωτηρία,
1012 2563 1053 2618 1111
1067 2560 1104 2616 sis
1116 2557 1217 2627 onnia,
1231 2569 1287 2625 lux,
1301 2555 1386 2626 salus,

158 2657 174 2702 s
190 2641 278 2731 Εδρμ,
295 2653 399 2730 epops<
410 2653 523 2728 χωρίον,
542 2649 561 2718 ῆ
576 2648 666 2727 χλόης
678 2653 771 2718 τόπος,
1013 2642 1259 2718 unanimous
1275 2643 1366 2714 sedes,
1380 2653 1428 2703 eut
1439 2645 1637 2704 viridis-herbae
1652 2649 1737 2713 locus,

191 2747 237 2799 χον,
251 2739 304 2809 ζῶν
319 2737 404 2817 ῦδωρ,
419 2740 466 2794 καί
477 2741 580 2813 κόσμος
593 2740 629 2802 ιίς
643 2736 713 2792 θεῖον
727 2741 830 2812 γόμον.
1012 2743 1040 2786 et
1051 2747 1114 2787 viva
1127 2746 1208 2804 aqua,
1218 2737 1246 2790 et
1258 2739 1446 2789 ornamentum
1458 2733 1486 2789 iu
1501 2733 1607 2790 divinos
1621 2735 1742 2810 nuptias.

192 2817 213 2887 11
228 2833 276 2886 τοῦ
291 2833 420 2891 πισόντος
432 2829 519 2883 ταῦτά
532 2845 574 2881 σοι
592 2829 695 2902 μήτηρ,
712 2829 793 2902 κόρη,
1012 2818 1086 2874 illins
1099 2817 1146 2891 qui
1160 2818 1288 2876 occubuit
1300 2819 1359 2876 haec
1373 2819 1422 2876 tibi
1439 2825 1476 2876 sil
1490 2829 1587 2890 muter,
1600 2840 1617 2879 o
1631 2823 1720 2896 virge,

190 2922 236 2974 τὰ,
251 2921 295 2974 σοι
307 2921 390 2972 τόπον
407 2918 561 2991 κοσμοῦσα,
576 2919 663 2990 κόσμι
677 2918 725 2969 τοῦ
737 2917 841 2990 γόνους.
1011 2907 1099 2963 locum
1111 2907 1161 2964 tibi
1173 2909 1289 2964 duonum
1306 2923 1452 2977 exornans,
1468 2917 1654 2967 oruamentum
1665 2915 1774 2986 generis

335 3068 403 3124 m.
420 3063 623 3121 ariraooeor
645 3062 811 3121 rearoea
1146 3067 1207 3121 τιν.
1229 3065 1426 3122 orcaeuoat
1446 3065 1636 3124 GREGORAE.
1667 2999 1773 3071 [mm

403 3180 444 3236 111ς
457 3177 586 3244 Θεόδωρον
598 3177 748 3244 Meropis-ov.
1193 3175 1222 3224 Io
1234 3174 1401 3224 Theodorum
1414 3173 1592 3224 Metochitum.

193 3289 229 3368 ὃς
241 3305 328 3380 πσίρος
342 3303 369 3356 ἐν
384 3303 467 3378 σορίη
483 3298 587 3370 θνητῶν
605 3302 675 3376 μίγα
689 3296 771 3363 κῦδος
785 3299 885 3376 iae-par,
1014 3301 1066 3371 Qui
1078 3301 1154 3375 prius
1168 3301 1196 3356 in
1209 3300 1346 3374 sapientia
1360 3299 1434 3374 apud
1444 3289 1573 3356 mortales
1582 3317 1708 3375 magnam
1719 3301 1773 3358 lau-

235 3391 314 3467 βοτὸς
328 3387 379 3446 ὡδὶ
391 3387 463 3453 λᾶας
476 3392 557 3465 τυῢγτ
572 3386 682 3443 κίκτυθτ
696 3391 785 3446 νέκυν.
1049 3407 1149 3465 pervus
1162 3391 1207 3446 hlc
1220 3388 1291 3463 lepis
1303 3389 1386 3464 hujus
1399 3387 1470 3444 texit
1484 3387 1609 3444 cadaver.
1625 3389 1698 3462 [dem
1713 3390 1773 3447 tulit

193 3483 289 3556 Δῆμος
303 3482 408 3556 σιμνῦν
423 3479 558 3534 Μουσάων
569 3469 720 3540 όλολύξαττ
733 3479 836 3531 πᾶσαι·
1014 3477 1136 3551 Populus
1148 3475 1361 3533 venerandarum
1368 3475 1518 3543 Musarum,
1530 3473 1772 3548 ingemiteomnes:

233 3566 320 3624 ὤλετο
334 3568 421 3630 κεῖνος
434 3566 516 3642 ἀνὴρ,
532 3563 618 3620 ὤλετο
633 3567 783 3642 πανσορίη,
1050 3565 1131 3640 periit
1141 3564 1185 3622 ille
1197 3565 1250 3633 vir,
1265 3563 1348 3638 periit
1361 3563 1489 3621 universa
1502 3563 1649 3637 sapientia.

303 3727 371 3786 715.
394 3721 555 3784 ΜΑΞΙΜΟΥ
575 3723 642 3780 Tor
662 3722 846 3780 ΠΛΑΝΟΥΔΗ
1187 3728 1249 3779 115.
1269 3722 1402 3780 ΜΑΧΙΜΙ
1419 3722 1601 3780 PLANUDAE

285 3836 367 3902 Στίχοι
381 3837 503 3900 όπιτόριοι
518 3836 551 3890 τίς
570 3834 688 3894 Ἰωάννην
698 3834 740 3883 τόν
755 3839 865 3896 xoptate.
1089 3833 1187 3882 Versus
1198 3829 1359 3895 sepulcrales
1370 3827 1398 3878 ln
1411 3827 1540 3879 loannem
1554 3829 1703 3880 Chumearn.

192 3958 226 4012 Τί
240 3975 283 4011 τοι
298 3957 330 4010 τό
345 3955 455 4031 σεμνὸν,
472 3951 493 4010 ὦ
511 3953 615 4032 βροτῶν
630 3958 717 4030 φύσις,
731 3958 824 4030 γίνος,
1015 3957 1087 4028 Quid
1095 3957 1146 4014 tibi
1154 3955 1348 4024 venerandum,
1358 3971 1374 4011 o
1386 3953 1540 4011 mortalium
1552 3961 1660 4024 nature,
1676 3975 1774 4029 genus,

193 4047 218 4102 εἰ
231 4045 279 4099 κυνὶ
291 4047 324 4098 νυ
339 4043 468 4121 υρόςγῆν
483 4045 530 4097 καὶ
543 4046 616 4098 κόννν
630 4045 830 4120 καταστρέφεις,
1015 4048 1038 4104 si
1053 4053 1081 4104 et
1092 4053 1123 4105 tu
1136 4044 1172 4101 ad
1185 4051 1287 4101 terrem
1301 4051 1329 4100 et
1344 4043 1482 4117 pulverem
1495 4043 1599 4118 vergis,

192 4135 241 4190 ani
253 4134 322 4210 πρὸς
334 4134 365 4187 τὸ
383 4129 470 4208 μηῧὶν
485 4131 521 4195 ὥς
533 4151 560 4187 τι
573 4133 641 4209 πρὸς
653 4129 731 4194 τέλος
744 4134 857 4208 τρέχεις,
1014 4142 1044 4192 et
1057 4134 1092 4190 ad
1106 4132 1220 4190 nihilum
1233 4131 1306 4188 sicut
1318 4129 1436 4204 aliquem
1449 4129 1485 4186 ad
1495 4129 1576 4185 linem
1590 4130 1687 4198 curris,

193 4225 229 4286 ὥς
242 4224 292 4276 κυὶ
304 4223 339 4275 τὰ
351 4218 439 4276 λοιπὰ
450 4222 504 4276 τῶν
519 4219 586 4297 ὑπὲρ
596 4221 651 4295 γῆς
664 4218 808 4296 ἒμψύχυν.
1014 4231 1046 4281 ut
1058 4230 1086 4280 et
1098 4221 1203 4296 relique
1216 4237 1276 4294 qun
1289 4226 1364 4276 terra
1378 4217 1496 4274 sustinet
1505 4217 1663 4275 animantis.

165 4319 179 4364 ⁵
193 4295 257 4366 Ῐδυὺ
271 4310 324 4386 γὰρ
338 4309 408 4386 ἀνὴρ
424 4303 503 4372 υῦνυς
517 4309 656 4383 υῦκόυμυυ
673 4305 745 4381 βίον,
1015 4311 1084 4368 Ecce
1094 4311 1166 4367 euim
1177 4309 1219 4365 vir
1235 4308 1288 4366 iste
1302 4308 1491 4365 bene-ornatur
1504 4306 1577 4374 vite,

193 4397 265 4454 Θεοῦ
281 4392 365 4475 pudor
378 4400 503 4452 σύνοικον
516 4397 544 4451 ta
559 4395 638 4472 ψυχῇ
654 4397 741 4473 piper
1014 4399 1066 4457 Dei
1079 4399 1203 4458 timorem
1214 4396 1436 4455 contubernalem
1449 4395 1477 4450 in
1492 4393 1582 4451 animo
1597 4395 1686 4450 ferens

191 4488 239 4541 καὶ
252 4482 322 4562 τῷδε
334 4479 431 4563 πρᾶξίν
445 4479 635 4540 πᾶνκνυὺτνῡ
651 4481 793 4560 diliciose,
1014 4495 1042 4545 et
1058 4505 1091 4544 eo
1102 4493 1189 4544 totam
1201 4483 1446 4560 agendi-rationem
1461 4499 1539 4539 suem
1553 4481 1717 4549 moderatus,

192 4577 240 4629 καί
256 4575 364 4651 μέτριον
379 4575 511 4650 epitrope
523 4574 570 4626 καί
583 4572 704 4649 χρηστὸν
717 4575 828 4648 τρόπον,
1014 4582 1042 4633 et
1056 4574 1194 4632 modestos
1205 4572 1318 4648 spiritns
1330 4578 1358 4628 et
1371 4570 1488 4645 probum
1499 4568 1639 4643 ingenium

195 4661 249 4732 diu
264 4680 294 4716 τι
306 4663 437 4739 χορίτντα
448 4664 496 4715 ούν
508 4663 613 4722 τούτοις
627 4659 709 4736 ἶχυν,
1013 4680 1156 4737 moresque
1170 4661 1308 4736 gratiosos
1321 4677 1383 4717 cum
1397 4659 1449 4715 illis
1461 4657 1578 4726 hebens,

148 4769 177 4816 ςρ
191 4753 239 4805 καί
256 4747 402 4824 βασιλικῆς
413 4749 501 4812 toro<
517 4749 665 4825 ὑπηρέτης,
1014 4761 1042 4810 et
1057 4752 1140 4826 regin
1154 4749 1228 4808 sedis
1239 4749 1372 4818 minister,

194 4835 271 4910 ἡδὺς,
287 4837 438 4915 προσηνὴς,
455 4837 556 4900 πιστὸς,
573 4837 672 4898 υῖκκΐυς
685 4837 782 4910 μένων,
1013 4841 1116 4909 suevis,
1131 4839 1277 4914 benignus,
1293 4837 1391 4904 tidelis,
1407 4837 1510 4893 amicus
1522 4851 1644 4904 maneus,

193 4928 249 4996 καὶ,
266 4923 414 4980 &mim
426 4926 480 4978 πᾶν
495 4924 511 4979 ὃ
525 4925 581 5002 χρὴ
597 4926 681 5000 φάναι
692 4920 793 4998 λίΥῑκν,
1013 4936 1051 4996 et,
1060 4927 1085 4986 si
1093 4927 1187 5003 paucis
1200 4926 1292 4984 verbis
1301 4924 1434 5000 quidquid
1448 4930 1557 4998 oportet
1569 4921 1771 4996 dicereloquar,

193 5009 303 5078 ἒπάὶτυς
316 5007 368 5083 ζῆν
385 5013 497 5090 μυρίους
510 5012 576 5066 ἰνῶν
588 5007 715 5077 κύκλους,
1014 5018 1116 5092 dignus
1128 5015 1175 5092 qui
1186 5015 1290 5072 viveret
1303 5013 1459 5071 innumeros
1470 5028 1603 5069 nouorum
1617 5009 1707 5078 orbes,

194 5103 230 5164 ὡς
244 5102 342 5178 ἀρετῆς
352 5097 493 5178 πρόθυμος
507 5099 589 5164 ὄντος
603 5101 730 5177 ἐργάτης,
1013 5105 1104 5180 utqui
1119 5110 1179 5163 erat
1193 5103 1284 5179 reipsa
1297 5102 1407 5159 virtutis
1419 5101 1559 5157 studiosus
1567 5097 1670 5172 opifex,

150 5199 179 5248 ¹⁵
195 5187 318 5258 ἆπῆδθῑν
334 5185 406 5244 ἶνθῑν
418 5190 466 5243 καὶ
478 5187 531 5266 opi
544 5191 636 5266 Υόρυς
649 5187 776 5265 ἡρπάγη,
1013 5193 1075 5252 inde
1086 5193 1162 5262 abiit,
1177 5200 1205 5252 et
1219 5200 1282 5251 ente
1296 5196 1461 5248 senec-tutem
1474 5187 1603 5264 abreptus
1616 5193 1666 5256 est,
