4116 6022
777 411 815 469 IN
837 409 961 470 CAPUT
980 412 1019 471 111
1039 413 1269 474 ΛΝΝΟΤΑΤΙΟ.
1749 415 1805 472 389

236 544 310 600 16311,
326 559 351 608 p.
366 544 408 602 63,
424 544 438 592 2
458 557 464 593 :
486 563 499 590 ο
511 541 666 592 Michaelem
684 542 868 606 archangelum
890 541 993 591 nornine
1047 551 1097 600 tus,
1111 545 1189 609 ,ςψμς
1199 549 1238 594 est
1250 542 1338 593 mundi
1350 544 1425 606 6716,
1439 544 1482 609 qui
1493 552 1532 596 est
1547 553 1605 612 post
1619 543 1716 594 Christ.
1732 545 1805 594 2138.

234 609 361 672 peculiari
381 606 566 673 archistrategi
584 623 669 658 nuncu
688 616 734 658 unt
754 608 849 656 Graeci.
871 627 883 651 u
904 608 993 658 Pictor

236 673 399 738 loquitur.-
410 673 449 723 Cf.
460 673 532 739 prius
547 673 630 739 epigr.
644 624 734 724 Edidit
744 679 771 723 et
784 673 918 723 Cremera
933 674 991 723 cod.
1069 673 1216 724 cuxvm.
1236 674 1257 723 u
1274 673 1363 724 codice
1377 689 1432 738 reg.
1453 675 1515 724 1636
1532 692 1558 741 p.
1578 678 1624 725 117
1639 675 1721 724 edidit
1733 675 1809 725 Bois·

235 738 380 790 Purisieusi
391 740 449 800 362,
462 739 558 791 Anecd.
566 754 608 804 gr.
619 740 703 790 Puris.
716 747 736 790 t.
745 739 789 798 tv,
799 755 825 804 p.
835 741 894 791 267.
1046 740 1138 788 sonad.
1153 739 1250 790 Anecd.
1268 747 1288 789 t.
1304 740 1324 798 1,
1339 755 1364 804 p.
1381 741 1428 790 393
1448 755 1487 805 sq.
1509 762 1522 786 ο
1541 741 1648 791 Exstitit
1666 738 1735 790 enim
1754 741 1808 790 An-

1045 803 1146 854 dronici
1185 804 1295 855 senioris
1325 811 1403 855 aetate
1440 807 1675 870 protosecretarius
1703 805 1807 856 nomine

267 869 381 920 cuxvt
398 869 624 936 Constantinopoli
639 890 652 916 ιι
671 866 699 916 in
714 865 787 920 hisce
799 869 858 920 diro
876 869 993 919 Proecur·
1045 871 1178 934 Βορδσλῆς,
1200 870 1268 935 quod
1284 885 1317 920 ex
1334 870 1440 921 ineditis
1461 872 1604 938 Nicephori
1625 871 1736 922 Chumui
1755 873 1808 935 epi-

235 933 287 984 sori
304 936 408 1000 (loanni
425 935 562 1001 Baptistae)
581 934 681 986 sedibus
693 935 804 986 sacratis
825 933 910 985 rarius
926 934 992 1000 ejus-
1045 935 1120 986 stolis
1134 935 1223 986 didici.
1239 955 1251 982 a
1265 936 1345 986 Boius.
1365 937 1473 987 Lemma
1485 949 1571 990 autam
1590 938 1709 988 eumdem
1727 935 1807 987 offleii

235 1001 294 1049 dem
308 1009 456 1053 asservatas
468 1000 529 1051 olim
544 1001 670 1066 reliquias
683 1013 731 1062 par
738 1008 779 1051 est
792 1001 907 1058 credere.
923 1015 990 1064 quse,
1045 999 1148 1052 titulum
1168 1001 1248 1052 habet
1268 1017 1275 1051 ι
1299 1001 1344 1052 τοῦ
1365 1003 1512 1065 σοφωτάτου
1529 1006 1735 1070 σρωσοσηκρὴτις
1752 1005 1806 1051 κτλ.

234 1072 312 1130 capta
324 1081 341 1116 a
359 1067 456 1118 nostris
467 1068 541 1126 urbe,
555 1066 583 1116 in
597 1065 710 1116 Galliam
726 1065 890 1131 potissimum
903 1065 991 1116 allatae
1047 1065 1203 1118 «Describit
1220 1076 1374 1118 ornamenta
1390 1067 1430 1117 val
1453 1067 1523 1144 picta
1543 1071 1584 1122 rel
1604 1068 1706 1134 sculpta
1724 1074 1807 1133 portae

234 1137 304 1180 suut.
325 1132 381 1182 Has
399 1132 468 1192 iuter
486 1131 586 1184 exstitit
607 1131 676 1182 houd
697 1131 774 1181 dubie
795 1131 937 1182 ossiculum
960 1147 990 1181 ex
1044 1132 1134 1198 templi
1144 1133 1289 1197 cujusdem,
1305 1133 1398 1198 quibus
1412 1133 1498 1185 ulumi
1505 1135 1599 1202 judicii
1616 1132 1669 1198 (hic
1683 1134 1752 1183 enim
1767 1141 1807 1183 est

234 1211 326 1246 manus
343 1198 403 1248 vola
419 1214 465 1248 seu
483 1213 563 1262 carpo
582 1196 610 1248 in
627 1211 708 1247 mauu
724 1213 795 1248 screa
811 1197 937 1248 deaurata
950 1195 989 1246 in·
1044 1200 1207 1254 verborumn
1223 1199 1325 1264 δευτέρα
1337 1200 1459 1264 παρουσία
1476 1205 1577 1267 seusus)
1597 1202 1686 1264 imago
1703 1199 1807 1250 exhibo·

234 1262 345 1325 clusum,
370 1264 439 1329 quod
465 1263 493 1313 in
520 1261 679 1314 monastario
704 1275 803 1314 sauctus
826 1262 990 1328 Magdalenss
1048 1264 1134 1314 batur.
1153 1265 1217 1315 nid.

233 1328 459 1380 Castelloduuensi
487 1328 588 1380 ordinis
614 1329 799 1379 canonicorum
831 1327 989 1394 regularium

234 1391 316 1443 suncti
330 1394 471 1460 Augustini
484 1394 607 1460 religiose
622 1393 726 1456 colitur,
745 1393 862 1458 ancujus
878 1393 989 1458 iuscrip-
1076 1395 1190 1444 cum.
1209 1394 1298 1445 Edidit
1310 1393 1496 1446 Moutalalcon.
1508 1396 1583 1445 Dior.
1592 1393 1652 1446 unt.
1664 1411 1690 1460 p.
1705 1396 1753 1445 363
1764 1409 1804 1458 sq.

233 1459 304 1509 tione
312 1458 339 1508 in
353 1475 403 1525 qua
415 1475 508 1511 manus
522 1469 549 1510 at
559 1459 661 1510 brachii
675 1458 847 1510 commissura
860 1458 990 1523 insignem
1044 1475 1073 1510 ex
1085 1459 1168 1510 codic.
1190 1461 1366 1510 membrumue.
1381 1461 1571 1512 Floreut.V111
1585 1466 1659 1519 sect,
1678 1459 1707 1510 in
1722 1461 1807 1510 fronte

232 1525 300 1574 hanc
313 1525 485 1591 reliquiarum
496 1527 599 1576 thecam
611 1525 692 1576 fuisse
703 1523 766 1575 olim
783 1524 941 1576 doctissimas
958 1539 990 1574 oc
1043 1525 1152 1590 Dionys.
1162 1527 1296 1590 Areopag.
1312 1541 1430 1592 operum.

232 1589 404 1642 nobilissimus
442 1593 526 1642 Annos
565 1592 704 1642 Comneuae
742 1590 988 1656 Porphyrogcuitre‚

232 1654 319 1705 Alexii
338 1656 505 1723 imperatoris
525 1656 596 1715 filius.
615 1655 773 1722 colligimus.
798 1676 811 1702 ι
833 1657 873 1707 Du
890 1656 988 1721 Csnge,
1076 1656 1178 1707 CDXX.
1194 1656 1240 1708 Vs.
1260 1659 1283 1707 1.
1301 1657 1451 1708 Montesalc.
1467 1656 1578 1724 ῑοροίρχισ
1589 1667 1722 1708 cumnota
1734 1657 1805 1721 (siclt

234 1722 370 1774 Corutont.
398 1723 493 1774 Christ.
519 1723 566 1773 lib.
588 1723 634 1784 111,
658 1738 683 1789 p.
705 1724 761 1773 161.
783 1748 813 1760 -
839 1720 989 1772 Dirarbium
1043 1723 1112 1772 male
1127 1721 1261 1772 transtulit
1276 1722 1546 1787 gildardemuiserin
1561 1731 1676 1774 caturam
1691 1723 1806 1788 ejusdem

233 1787 310 1837 fluxit
327 1794 406 1854 poeto
423 1787 579 1855 spectatoris
595 1803 661 1853 opus
677 1787 744 1838 mira
763 1795 819 1838 arte
832 1788 928 1838 iactum
941 1787 989 1837 mi·
1043 1787 1193 1838 versionem
1209 1787 1376 1838 retinuimus.

231 1853 315 1904 rantis
329 1861 356 1904 st
366 1868 473 1905 oaussss
485 1854 625 1919 quaerentis
639 1869 699 1905 cum
712 1854 788 1904 theca
806 1854 864 1918 ipsa
881 1867 990 1918 respon·
1691 1891 1693 1898 ,

231 1917 309 1969 dente
321 1927 348 1970 et
360 1919 448 1997 operis
463 1929 595 1970 auctorem
611 1918 781 1985 predicante.
799 1919 909 1970 Luditur
923 1934 990 1983 pras·
1078 1918 1193 1970 cum.
1211 1917 1308 1968 Miller.
1330 1919 1415 1970 Calui.
1438 1920 1495 1970 cod.
1521 1935 1581 1970 mss.
1602 1935 1643 1986 pr.
1665 1917 1733 1969 utut.
1754 1934 1806 1970 sco

231 1990 304 2036 terea
319 1984 346 2035 in
367 1985 536 2037 similitudine
554 2000 646 2036 vocum
665 1986 813 2042 Παλαιστίνη
830 1992 857 2036 ct
869 1985 990 2044 mutaturi.
1044 1983 1106 2034 rial.
1120 1998 1147 2047 p.
1162 1985 1202 2034 16.
1216 2011 1247 2024 ·—·
1258 1985 1364 2034 Fabric.
1381 1983 1449 2035 Bibi.
1466 2002 1507 2052 gr.
1520 1987 1566 2044 lx,
1588 2001 1614 2050 p.
1634 1986 1658 2033 2.
1674 2012 1704 2022 -
1718 1984 1765 2034 Vs.
1782 1987 1807 2035 3.

232 2051 294 2112 (uss.
314 2053 329 2102 2
350 2059 377 2102 st
393 2052 418 2117 3)
434 2058 461 2102 et
474 2051 546 2102 raris
565 2051 635 2102 nocis
650 2051 744 2117 καρπὸς
762 2051 868 2101 notione
882 2049 945 2116 (sss.
967 2052 991 2111 1,
1047 2072 1060 2096 ι
1073 2049 1196 2100 L'autaur
1206 2049 1269 2114 J'ouc
1279 2065 1324 2100 sur
1343 2050 1381 2100 les
1393 2058 1461 2102 muts
1482 2053 1600 2116 ’Epprlia
1617 2057 1645 2100 et
1656 2051 1770 2111 Ιμμιλής.
1793 2069 1804 2094 r

231 2116 256 2174 2,
270 2116 305 2182 1).
1045 2114 1142 2231 ligitur.
1162 2141 1197 2154 -
1223 2117 1280 2167 Hoc
1305 2115 1524 2180 epigrammatiou
1544 2117 1617 2167 Mau.
1639 2114 1722 2166 Philae
1750 2131 1808 2166 esso

1045 2181 1071 2231 ri
1090 2188 1157 2232 etur.

263 2247 388 2298 cnxvn.
398 2249 485 2314 Propo
494 2248 658 2310 Athenas,irri
669 2249 713 2307 τῆς
723 2249 813 2308 στήλης
824 2248 868 2306 τῆς
878 2248 943 2298 sard
951 2247 994 2307 τῆς

230 2313 288 2362 ὁδοῦ
294 2315 343 2362 τῶν
352 2315 486 2379 prospice
493 2315 713 2378 auspisnrslnciou
721 2319 765 2364 τοῦ
773 2312 995 2378 Ὗμηττοῦᾙοὴοῑ
1081 2310 1206 2364 euxxn.
1225 2311 1347 2363 Boisson.
1361 2313 1459 2363 Anrrd.
1471 2329 1513 2391 gr.
1527 2320 1547 2364 t.
1564 2312 1610 2370 111,
1622 2328 1649 2378 p.
1665 2313 1723 2362 161.
1737 2339 1766 2350 -
1779 2314 1808 2362 1ο

230 2377 358 2440 Pittacas,
377 2381 469 2444 Ἔφημ.
485 2376 501 2429 ἆ
517 2377 992 2446 χσιολογ.ρ.161-32,ο.773.-1116.
1047 2377 1169 2428 lemmate
1185 2377 1312 2438 trutines
1328 2387 1369 2428 est
1385 2377 1556 2444 reliquiarum
1570 2380 1656 2439 theca,
1675 2377 1744 2428 Gall.
1761 2394 1809 2428 une

231 2445 310 2509 Corp.
319 2397 523 2511 irrumpenti,
533 2461 559 2512 p.
568 2448 662 2510 asan.
674 2447 748 2496 6751.
761 2445 852 2496 Annus
862 2443 993 2509 subscrip·
1048 2444 1145 2494 undose.
1157 2443 1218 2494 Vid.
1234 2444 1389 2495 tnesaurum
1402 2459 1424 2494 s.
1436 2460 1461 2495 s.
1584 2471 1585 2474 =
