4034 6018
741 417 999 478 ANTHOLOGIAE
1019 417 1170 480 GRAECAE
1193 423 1418 486 APPENDiCiS

545 551 593 608 60·
616 557 677 606 rot·
687 557 795 606 ΑΠΟΥ.

613 663 721 718 θυσίαις.

292 786 453 861 Θειαγένους
468 782 493 840 δ’
509 781 635 840 ἐλάθεσθε
651 784 690 838 ot
703 781 858 860 ψαμάθοισι
867 789 1009 848 πεσόντος·

331 871 397 928 κεῖθ’
415 874 478 948 ὑμῖν
494 873 508 926 d
522 874 584 948 πρίν
601 870 764 950 μυριάεθλος
778 873 859 950 άνηρ.

547 1023 595 1080 61.
617 1007 793 1078 rorniror.

614 1136 732 1199 Δέγιοῦσι.

292 1259 374 1327 Γαίης
390 1258 437 1332 μέν
452 1259 541 1326 πάσης
555 1257 585 1311 ed
600 1255 766 1333 πελασγικδν
781 1240 867 1334 Ᾰργος
883 1258 1011 1334 ἄμεινον·

290 1347 368 1400 ἵπποι
381 1342 558 1410 Θεσσαλικαί,
572 1342 788 1420 Λακεδαιμόνιοι
797 1343 826 1399 δέ
838 1349 972 1420 γυναίκες,

293 1430 385 1509 ἄνδρες
400 1430 436 1495 θ’,
454 1435 480 1487 οἳ
492 1435 614 1488 πίνουσιν
629 1432 702 1510 ὕδωρ
716 1435 790 1510 ίερῆς
801 1415 965 1510 Ᾰρεθούσης·

277 1519 356 1577 ,ἄλλ’
371 1521 410 1574 ίτι
423 1522 471 1574 καί
483 1517 563 1575 τῶνδ’
574 1522 638 1575 ιίσιν
655 1521 804 1596 ἀμείνονες,
821 1519 875 1574 οἵτε
894 1522 1000 1596 μεσηγὺ

268 1607 418 1686 5Τίρυνθος
431 1610 538 1662 ναίουσι
552 1609 599 1663 καὶ
611 1592 748 1685 Ᾰρκαδίης
761 1605 940 1682 πολυμήλου,

291 1683 399 1774 Ᾰργεῖοι
412 1692 605 1773 λινοθώρηκες,
621 1699 718 1773 κέντρα
731 1693 893 1770 πτολέμοιο.

291 1773 372 1860 Ῠμεῖς
386 1783 410 1842 δ’
425 1786 528 1859 Αἱγιέες
542 1783 604 1838 οὔτε
618 1786 713 1861 τρίτοι,
730 1783 791 1838 οὔτε
805 1786 938 1860 τέταρτοι,

292 1874 353 1928 οὔτε
369 1871 546 1938 δυωδίκατοι,
564 1871 621 1927 οὔτ’
637 1873 664 1926 ἐν
677 1870 764 1946 λόγῳ,
780 1869 837 1924 οὔτ’
854 1873 881 1924 έν
895 1869 1012 1950 άριθμῷ.

545 2033 592 2088 69.
615 2038 677 2086 ἹὈΥ
689 2038 796 2086 ΛΠῸΥ.

611 2145 734 2206 ’Apziccn

291 2254 356 2323 Εστι
372 2263 401 2322 δέ
415 2262 559 2333 Μαιναλίη
574 2259 763 2340 δυσχείμερος,
780 2261 843 2318 ἔνθα
854 2283 882 2318 τε
895 2267 982 2318 κεῖται

290 2340 389 2432 Ᾰρκὰς,
406 2353 453 2430 ἀφ’
469 2347 501 2408 οὗ
517 2349 552 2421 δὴ
568 2353 665 2414 πάντες
680 2349 822 2420 ἐπίκλησιν
836 2349 992 2411 καλέονται.

292 2429 364 2498 δνθα
378 2442 402 2497 n'
419 2441 471 2516 ἐγὼ
485 2438 605 2515 κέλομαι
619 2441 744 2514 στείχειν,
760 2439 808 2493 καί
822 2438 932 2515 έθφρονι
945 2437 1023 2516 θυμῷ

291 2517 391 2607 Ᾰρκάδ
403 2531 581 2605 ἀειραμένους
596 2529 723 2600 κατάγειν
738 2527 775 2588 εἰς
789 2527 855 2580 doru
871 2528 991 2604 έραννόν,

269 2616 323 2678 σοι’)
338 2614 443 2696 τρίοδος
456 2619 503 2670 καὶ
515 2611 660 2692 τετράοδος
672 2615 719 2667 καὶ
732 2611 953 2686 πεντακέλευθος,

293 2705 357 2762 ἔνθα
369 2725 398 2760 τε
413 2701 448 2773 δὴ
466 2705 578 2778 τέμενός
590 2722 618 2756 τε
639 2699 745 2772 θυηλάς
759 2701 782 2755 τ’
799 2685 903 2779 Ᾰρκάδι
915 2705 1032 2778 τεύχειν.

548 2854 595 2912 63,
618 2863 681 2910 ror
692 2861 799 2910 error.

614 2965 733 3030 Αῐσώπῳ.

293 3125 330 3134 —-
353 3091 413 3152 Πῶς
427 3089 459 3144 άν
474 3087 674 3162 πλουτήσαιμι,
691 3087 753 3150 Διὸς
766 3089 813 3141 καί
825 3087 931 3156 Λητόος
945 3089 1003 3156 υίί;

292 3213 330 3222 -
351 3180 384 3233 Εἰ
397 3178 428 3232 nd
446 3179 527 3254 μέσον
542 3179 657 3245 κτήσαιο
672 3173 804 3252 Κορίνθου
818 3177 866 3229 καί
879 3176 1023 3241 Σικυῶνος.

542 3329 590 3385 et.
612 3336 674 3383 ror
688 3335 795 3383 error.

485 3441 584 3504 Κροίσῳ
603 3439 859 3503 concomitante.
883 3428 884 3431 ¹

293 3560 363 3617 Οἶδα
378 3559 458 3638 δ’έγώ
473 3560 592 3636 ψάμμου
607 3558 631 3614 τ’
651 3558 766 3637 ἀριθμόν
786 3561 833 3614 καὶ
849 3562 934 3636 μέτρα
954 3556 1055 3614 θαλάσ-

292 3653 339 3706 καὶ
352 3653 445 3727 κωφοῦ
462 3651 584 3725 συνίημι,
597 3650 645 3703 καὶ
654 3649 686 3702 οὐ
702 3651 850 3724 φωνεῦντος
864 3648 967 3704 ἀκούω.
981 3645 1051 3724 [οηη

293 3724 374 3814 ὀδμή
392 3739 420 3814 μ’
437 3741 463 3802 ές
477 3741 573 3816 φρένας
585 3733 655 3805 ἦλθε
670 3737 853 3813 κραταιρίνοιο
866 3734 992 3812 χελώνης

293 3916 430 3991 ἑψομένης
442 3917 469 3970 ἐν
482 3914 579 3992 χαλκῷ
594 3913 644 3989 ἅμ’
659 3913 790 3990 ἀρνείοισι
803 3915 933 3990 κρέεσσιν,

267 4001 311 4080 5η
325 4003 430 4082 χαλκὸς
446 4005 493 4080 μέν
510 4005 688 4079 ὑπέστρωται,
704 3999 809 4076 χαλκὸς
824 3999 848 4056 δ’
863 4003 991 4059 έπίεσται.

1383 575 1427 627 θο.
1448 580 1592 626 muscum.

1433 679 1546 728 Theeiie.

1105 801 1279 874 Theogenem
1293 802 1369 860 obliti
1383 803 1449 859 estis
1464 803 1509 876 qui
1525 802 1551 858 in
1566 803 1656 860 crenis
1668 805 1794 862 cecidit:
1815 807 1877 879 [eit.

1137 890 1881 965 jucetvobisvirillequientecplurime-certcmine·ri-

1385 1045 1429 1096 ot.
1450 1051 1593 1096 reusneri.

1397 1148 1578 1214 AEgieocibue.

1106 1274 1191 1330 Terre
1204 1273 1312 1344 quidem
1326 1279 1384 1330 tote
1397 1273 1564 1347 pelasgicum
1575 1275 1664 1346 Argos
1676 1275 1776 1331 melius
1791 1283 1834 1332 est
1847 1295 1856 1332 :

1107 1379 1182 1434 equo
1200 1361 1363 1417 Thessalico
1377 1369 1405 1418 et
1417 1362 1625 1418 Lecedaemouiae
1639 1364 1780 1426 mulieres,

1107 1449 1210 1521 virique
1224 1449 1270 1521 qui
1285 1449 1381 1507 bibunt
1394 1467 1492 1522 equum
1504 1467 1588 1506 secrae
1599 1451 1742 1507 Arethusae
1757 1469 1766 1505 :

1106 1537 1230 1593 sedistis
1244 1537 1325 1594 etium
1344 1546 1372 1594 et
1387 1545 1451 1595 eunt
1472 1538 1606 1602 meliores,
1624 1539 1670 1612 qui
1690 1539 1883 1595 meditullium

1106 1625 1247 1699 Tirynthis
1259 1625 1383 1682 habitent
1396 1633 1424 1682 et
1437 1627 1560 1682 Arcadio
1573 1626 1869 1692 ovibus-abundantis,

1107 1712 1201 1787 Argivi
1212 1713 1568 1778 lineis-indutithorecibue,
1584 1715 1684 1770 stimuli
1698 1715 1776 1771 belli.

1106 1802 1164 1858 Vos
1174 1818 1248 1866 vcro,
1264 1800 1417 1875 AEgienses,
1428 1819 1517 1875 neque
1531 1803 1615 1868 tertii,
1631 1819 1720 1876 neque
1734 1803 1841 1876 quarti,

1107 1907 1195 1964 neque
1214 1889 1378 1959 duodecimi,
1396 1909 1483 1964 neque
1497 1891 1526 1946 in
1545 1892 1598 1948 ulie
1619 1891 1737 1956 ratione,
1758 1898 1811 1946 aut
1824 1909 1883 1945 nu-

1705 1980 1795 2050 [mero
1809 1981 1880 2034 utto.

1386 2052 1430 2104 tt.
1452 2057 1601 2103 muscum.

1407 2155 1562 2206 Arcadibus.

1107 2277 1156 2332 Est
1167 2284 1257 2333 eutem
1272 2277 1395 2332 Maeualie
1408 2281 1482 2347 repio
1497 2276 1630 2346 hiemalis,
1647 2277 1694 2332 ubi
1710 2283 1739 2332 et
1750 2278 1829 2351 jacet

1106 2365 1201 2428 Arcus,
1216 2380 1251 2419 ex
1265 2382 1317 2436 quo
1333 2363 1422 2420 cuncti
1437 2363 1598 2436 cognomine
1612 2371 1754 2420 vocentur.

1108 2451 1167 2506 Huc
1181 2459 1208 2508 te
1220 2468 1271 2524 ego
1281 2451 1364 2525 jubeo
1379 2451 1464 2518 edire,
1480 2458 1508 2507 et
1521 2452 1583 2508 leco
1597 2450 1687 2508 enimo

1107 2540 1214 2596 Arcade
1228 2539 1347 2596 oblatum
1362 2539 1495 2595 deducere
1510 2541 1537 2595 in
1548 2538 1642 2595 urbem
1656 2557 1803 2604 umnam,

1107 2645 1167 2700 que
1178 2627 1302 2683 triviaeet
1313 2634 1340 2683 et
1349 2626 1491 2700 quadrivio
1502 2635 1530 2683 et
1540 2627 1878 2701 quinqueviiscdeundc.

1108 2713 1200 2786 ibique
1212 2714 1354 2786 lucumque
1369 2731 1500 2788 sectuque
1510 2715 1609 2770 Arcadi
1622 2715 1775 2771 instituere.

1388 2865 1431 2918 63.
1452 2872 1598 2918 moenem.

1431 2971 1541 3034 AEsopo.

1108 3097 1249 3168 Quomodo
1264 3096 1340 3154 divee
1355 3095 1413 3152 fleri
1428 3093 1542 3169 possim,
1557 3095 1633 3152 Jovie
1647 3102 1674 3152 et
1688 3096 1802 3152 Letonae
1818 3097 1878 3151 fiii?

1107 3218 1141 3228 —
1153 3185 1182 3242 Si
1194 3185 1309 3242 medium
1323 3183 1464 3258 possideas
1477 3187 1613 3252 cepionem
1626 3182 1788 3241 Corinthum
1802 3182 1878 3240 inter

1387 3334 1431 3388 34.
1452 3345 1598 3390 EIUSDEM·
1659 3272 1699 3343 [et
1712 3271 1875 3344 Sicyonem.

1331 3443 1420 3492 Croeso
1434 3443 1564 3504 Lydorum
1575 3441 1639 3506 regi.

1107 3567 1178 3624 Nori
1190 3584 1242 3640 ego
1252 3584 1394 3639 urenaeque
1408 3583 1549 3622 numerum
1565 3573 1592 3622 et
1603 3582 1746 3622 mensures
1761 3565 1857 3624 meris.

1108 3660 1136 3710 et
1150 3661 1253 3710 mutum
1270 3653 1392 3726 intelligo
1406 3662 1434 3711 et
1447 3671 1502 3710 non
1515 3655 1670 3726 loquentem
1683 3653 1777 3710 audio.
1798 3672 1799 3676 ¹

1108 3742 1181 3799 Odor
1201 3740 1266 3796 mihi
1289 3741 1323 3796 od
1343 3759 1439 3797 sensus
1454 3741 1528 3797 venit
1549 3741 1876 3813 durem-pellemhoben-

1663 3829 1711 3901 [tis
1725 3829 1876 3885 testudinis

1107 3919 1172 3974 dum
1185 3917 1310 3990 coquitur
1325 3917 1351 3971 in
1366 3934 1418 3971 aere
1429 3935 1488 3970 cum
1503 3915 1611 3989 agninis
1625 3916 1765 3978 carnibus,

1080 4031 1083 4064 ι
1108 4005 1151 4062 cui
1171 4005 1277 4078 quidem
1293 4022 1329 4060 ωε
1344 4004 1510 4061 substratum
1525 4011 1577 4069 est,
1593 4021 1631 4060 ms
1648 4021 1712 4059 vero
1727 4003 1875 4076 super-im-

1728 4091 1873 4164 [positum.

578 4471 618 4519 62.
639 4483 763 4518 musonii.

593 4576 748 4628 Arcadibus.

293 4709 400 4776 Frigida
413 4707 542 4758 Maenalia
556 4705 629 4772 regio
645 4713 694 4765 est,
707 4704 753 4754 ubi
770 4703 886 4754 conditus
900 4704 993 4764 Αεοκε,

291 4795 407 4845 Aroedes
419 4808 435 4842 e
447 4793 519 4855 cujus
534 4789 655 4840 dicuntur
666 4787 769 4838 nomine
783 4787 878 4838 cuncti.

293 4879 349 4927 Huc
361 4892 410 4940 ego
422 4876 489 4926 serre
503 4875 594 4940 pedem
603 4873 684 4938 jubeo
697 4879 732 4930 te,
744 4878 769 4921 et
785 4876 888 4935 pectore
902 4870 962 4918 lecto

292 4960 396 5010 Arcada
407 4959 537 5009 subtatum
551 4959 667 5023 pulcram
681 4965 852 5021 transponere
867 4954 893 5003 in
908 4955 1009 5013 urbem,

292 5058 350 5110 queo
356 5042 432 5094 trivio
438 5050 546 5108 στέφεται
553 5041 696 5107 quadrivia.
706 5049 731 5090 et
741 5055 798 5105 quoe
807 5039 921 5105 quinque
934 5041 1032 5089 vierum
1042 5051 1049 5085 ε

293 5126 546 5186 terminatione,
560 5139 693 5175 sacrorum
707 5122 749 5172 hio
764 5137 873 5172 mitnera
888 5123 991 5172 habeto.

1399 4463 1440 4509 dt.
1459 4474 1581 4510 musonii.

1337 4569 1421 4619 Croeco
1437 4569 1566 4633 Lydorum
1580 4570 1644 4634 cepi.

1109 4699 1236 4766 AEquorie
1250 4706 1276 4749 et
1290 4697 1412 4762 epatium,
1425 4704 1452 4746 et
1463 4711 1585 4745 numerus
1599 4695 1662 4745 mihi
1678 4705 1756 4746 notus
1769 4711 1872 4759 orenae;

1105 4783 1222 4850 percipio
1235 4790 1261 4833 et
1272 4779 1336 4831 muti
1348 4787 1460 4830 mentem
1473 4791 1499 4828 et
1507 4779 1547 4828 vei
1560 4780 1632 4829 nuile
1644 4779 1787 4843 loquentiu.

1105 4868 1183 4917 Venit
1194 4867 1228 4916 nd
1239 4867 1288 4915 hoc
1302 4879 1392 4913 censue
1407 4862 1483 4913 nidor
1497 4861 1634 4911 testudinis
1646 4862 1727 4922 acris,

1105 4965 1162 5014 queo
1177 4949 1255 4998 eimul
1267 4946 1364 5012 agnina
1376 4945 1496 5009 coquitur
1508 4959 1568 4994 cum
1581 4959 1659 4993 cerne
1672 4943 1769 5002 lebete,

1105 5049 1157 5083 εει-ο
1169 5032 1238 5082 intra
1250 5037 1341 5088 strato.
1354 5036 1381 5078 et
1394 5036 1503 5077 stratum
1516 5027 1557 5076 oui
1569 5028 1682 5092 decuper
1695 5035 1737 5077 est
1749 5043 1797 5079 ree.

1398 5111 1457 5173 (Ap.
1474 5109 1600 5158 Van-Dal.
1617 5110 1657 5158 De
1671 5123 1743 5160 orae.
1759 5125 1786 5174 p.
1801 5109 1873 5166 ³80.)

893 5220 957 5256 130!-
970 5215 1049 5254 ΛΜΗ.
1123 5247 1128 5258 ,
