<?xml version="1.0" encoding="UTF-8"?>
<!DOCTYPE html PUBLIC "-//W3C//DTD XHTML 1.0 Transitional//EN"
    "http://www.w3.org/TR/xhtml1/DTD/xhtml1-transitional.dtd">
<html xmlns="http://www.w3.org/1999/xhtml" xml:lang="en" lang="en">
 <head>
  <title>
</title>
<meta http-equiv="Content-Type" content="text/html;charset=utf-8" />
  <meta name='ocr-system' content='tesseract 3.04.00' />
  <meta name='ocr-capabilities' content='ocr_page ocr_carea ocr_par ocr_line ocrx_word'/>
</head>
<body>
  <div class='ocr_page' id='page_1' title='image "./epigrammatumant00plangoog_0112.png"; bbox 0 0 4062 6018; ppageno 0'>
   <div class='ocr_carea' id='block_1_1' title="bbox 39 9 237 150">
    <p class='ocr_par' dir='ltr' id='par_1_1' title="bbox 39 9 237 150">
     <span class='ocr_line' id='line_1_1' title="bbox 39 9 237 150; baseline 0 -137"><span class='ocrx_word' id='word_1_1' title='bbox 39 9 237 150; x_wconf 61' lang='grc'><strong>,-</strong></span> 
     </span>
    </p>
   </div>
   <div class='ocr_carea' id='block_1_2' title="bbox 561 497 1742 560">
    <p class='ocr_par' dir='ltr' id='par_1_2' title="bbox 561 497 1742 560">
     <span class='ocr_line' id='line_1_2' title="bbox 561 497 1742 560; baseline -0.001 -3"><span class='ocrx_word' id='word_1_2' title='bbox 561 497 686 558; x_wconf 82' lang='lat' dir='ltr'>CAPUT</span> <span class='ocrx_word' id='word_1_3' title='bbox 706 497 742 556; x_wconf 93' lang='lat' dir='ltr'><strong>ll.</strong></span> <span class='ocrx_word' id='word_1_4' title='bbox 766 497 1049 558; x_wconf 81' lang='lat' dir='ltr'><strong>EPIGRAMMATA</strong></span> <span class='ocrx_word' id='word_1_5' title='bbox 1070 499 1343 560; x_wconf 79' lang='lat' dir='ltr'><strong>SEPULGRALIA.</strong></span> <span class='ocrx_word' id='word_1_6' title='bbox 1691 500 1742 557; x_wconf 83' lang='lat' dir='ltr'><strong>lot</strong></span> 
     </span>
    </p>
   </div>
   <div class='ocr_carea' id='block_1_3' title="bbox 204 627 850 708">
    <p class='ocr_par' dir='ltr' id='par_1_3' title="bbox 204 627 850 708">
     <span class='ocr_line' id='line_1_3' title="bbox 204 627 850 708; baseline 0.003 -22"><span class='ocrx_word' id='word_1_7' title='bbox 204 628 385 703; x_wconf 78' lang='grc' dir='ltr'>δουλοσύνης,</span> <span class='ocrx_word' id='word_1_8' title='bbox 402 632 533 708; x_wconf 78' lang='grc' dir='ltr'>στυγερὰν</span> <span class='ocrx_word' id='word_1_9' title='bbox 549 631 634 707; x_wconf 70' lang='lat' dir='ltr'><strong>appu</strong></span> <span class='ocrx_word' id='word_1_10' title='bbox 650 630 747 707; x_wconf 74' lang='grc' dir='ltr'>ἔχωσιν</span> <span class='ocrx_word' id='word_1_11' title='bbox 763 627 850 708; x_wconf 82' lang='grc' dir='ltr'>θόριν.</span> 
     </span>
    </p>
   </div>
   <div class='ocr_carea' id='block_1_4' title="bbox 1022 627 1699 696">
    <p class='ocr_par' dir='ltr' id='par_1_4' title="bbox 1022 627 1699 696">
     <span class='ocr_line' id='line_1_4' title="bbox 1022 627 1699 696; baseline 0 -13"><span class='ocrx_word' id='word_1_12' title='bbox 1022 627 1172 696; x_wconf 85' lang='lat' dir='ltr'><strong>servitutis,</strong></span> <span class='ocrx_word' id='word_1_13' title='bbox 1188 627 1312 686; x_wconf 79' lang='lat' dir='ltr'><strong>odiosam</strong></span> <span class='ocrx_word' id='word_1_14' title='bbox 1326 627 1429 685; x_wconf 88' lang='lat' dir='ltr'><strong>circum</strong></span> <span class='ocrx_word' id='word_1_15' title='bbox 1440 646 1471 684; x_wconf 86' lang='lat' dir='ltr'><strong>se</strong></span> <span class='ocrx_word' id='word_1_16' title='bbox 1486 628 1621 684; x_wconf 87' lang='lat' dir='ltr'><strong>haberent</strong></span> <span class='ocrx_word' id='word_1_17' title='bbox 1634 627 1699 683; x_wconf 87' lang='lat' dir='ltr'><strong>vim.</strong></span> 
     </span>
    </p>
   </div>
   <div class='ocr_carea' id='block_1_5' title="bbox 165 713 1751 798">
    <p class='ocr_par' dir='ltr' id='par_1_5' title="bbox 165 713 1751 798">
     <span class='ocr_line' id='line_1_5' title="bbox 165 713 1751 798; baseline -0.002 -22"><span class='ocrx_word' id='word_1_18' title='bbox 165 723 236 776; x_wconf 77' lang='grc' dir='ltr'>Γαῖα</span> <span class='ocrx_word' id='word_1_19' title='bbox 250 717 281 776; x_wconf 75' lang='grc' dir='ltr'>θλ</span> <span class='ocrx_word' id='word_1_20' title='bbox 292 721 387 798; x_wconf 82' lang='grc' dir='ltr'>πατρίς</span> <span class='ocrx_word' id='word_1_21' title='bbox 399 720 458 798; x_wconf 73' lang='grc' dir='ltr'>ἔχει</span> <span class='ocrx_word' id='word_1_22' title='bbox 469 717 584 784; x_wconf 80' lang='grc' dir='ltr'>κόλποις</span> <span class='ocrx_word' id='word_1_23' title='bbox 596 721 649 774; x_wconf 89' lang='grc' dir='ltr'><strong>τῶν</strong></span> <span class='ocrx_word' id='word_1_24' title='bbox 661 716 776 774; x_wconf 80' lang='grc' dir='ltr'>πλεῖστα</span> <span class='ocrx_word' id='word_1_25' title='bbox 787 723 931 796; x_wconf 79' lang='grc' dir='ltr'>καμόντων</span> <span class='ocrx_word' id='word_1_26' title='bbox 986 715 1072 772; x_wconf 86' lang='lat' dir='ltr'><strong>Terra</strong></span> <span class='ocrx_word' id='word_1_27' title='bbox 1085 722 1176 774; x_wconf 81' lang='lat' dir='ltr'><strong>autem</strong></span> <span class='ocrx_word' id='word_1_28' title='bbox 1191 717 1282 792; x_wconf 84' lang='lat' dir='ltr'><strong>patria</strong></span> <span class='ocrx_word' id='word_1_29' title='bbox 1296 717 1381 774; x_wconf 82' lang='lat' dir='ltr'><strong>habel</strong></span> <span class='ocrx_word' id='word_1_30' title='bbox 1389 717 1418 774; x_wconf 88' lang='lat' dir='ltr'><strong>in</strong></span> <span class='ocrx_word' id='word_1_31' title='bbox 1428 717 1490 774; x_wconf 83' lang='lat' dir='ltr'><strong>sinu</strong></span> <span class='ocrx_word' id='word_1_32' title='bbox 1501 733 1595 775; x_wconf 87' lang='lat' dir='ltr'><strong>eorum</strong></span> <span class='ocrx_word' id='word_1_33' title='bbox 1607 716 1655 790; x_wconf 85' lang='lat' dir='ltr'><strong>qui</strong></span> <span class='ocrx_word' id='word_1_34' title='bbox 1664 713 1751 773; x_wconf 78' lang='lat' dir='ltr'><strong>mulla</strong></span> 
     </span>
    </p>
   </div>
   <div class='ocr_carea' id='block_1_6' title="bbox 205 804 817 886">
    <p class='ocr_par' dir='ltr' id='par_1_6' title="bbox 205 804 817 886">
     <span class='ocr_line' id='line_1_6' title="bbox 205 804 817 886; baseline -0.003 -22"><span class='ocrx_word' id='word_1_35' title='bbox 205 809 325 886; x_wconf 82' lang='grc' dir='ltr'>σώματ’,</span> <span class='ocrx_word' id='word_1_36' title='bbox 342 809 400 864; x_wconf 84' lang='grc' dir='ltr'>ίπιί</span> <span class='ocrx_word' id='word_1_37' title='bbox 414 805 523 879; x_wconf 79' lang='grc' dir='ltr'>θνητοῖς</span> <span class='ocrx_word' id='word_1_38' title='bbox 538 809 568 863; x_wconf 85' lang='grc' dir='ltr'>ίκ</span> <span class='ocrx_word' id='word_1_39' title='bbox 582 807 645 871; x_wconf 83' lang='grc' dir='ltr'>Διός</span> <span class='ocrx_word' id='word_1_40' title='bbox 655 804 707 878; x_wconf 78' lang='grc' dir='ltr'><strong>ἥδε</strong></span> <span class='ocrx_word' id='word_1_41' title='bbox 723 809 817 886; x_wconf 89' lang='grc' dir='ltr'>κρίσις.</span> 
     </span>
    </p>
   </div>
   <div class='ocr_carea' id='block_1_7' title="bbox 165 893 902 974">
    <p class='ocr_par' dir='ltr' id='par_1_7' title="bbox 165 893 902 974">
     <span class='ocr_line' id='line_1_7' title="bbox 165 893 902 974; baseline -0.009 -18"><span class='ocrx_word' id='word_1_42' title='bbox 165 894 261 968; x_wconf 69' lang='grc' dir='ltr'>Μηδὲν</span> <span class='ocrx_word' id='word_1_43' title='bbox 276 898 410 974; x_wconf 73' lang='grc' dir='ltr'><strong>ἁμαρτεῖν</strong></span> <span class='ocrx_word' id='word_1_44' title='bbox 422 897 479 952; x_wconf 84' lang='grc' dir='ltr'>ίστι</span> <span class='ocrx_word' id='word_1_45' title='bbox 493 893 561 951; x_wconf 80' lang='grc' dir='ltr'>θεῶν</span> <span class='ocrx_word' id='word_1_46' title='bbox 575 897 622 952; x_wconf 86' lang='grc' dir='ltr'><strong>καὶ</strong></span> <span class='ocrx_word' id='word_1_47' title='bbox 636 898 726 951; x_wconf 80' lang='grc' dir='ltr'>πάντα</span> <span class='ocrx_word' id='word_1_48' title='bbox 740 893 902 974; x_wconf 76' lang='grc' dir='ltr'>κατορθοῦν·</span> 
     </span>
    </p>
   </div>
   <div class='ocr_carea' id='block_1_8' title="bbox 125 981 829 1063">
    <p class='ocr_par' dir='ltr' id='par_1_8' title="bbox 125 981 829 1063">
     <span class='ocr_line' id='line_1_8' title="bbox 125 981 829 1063; baseline -0.001 -23"><span class='ocrx_word' id='word_1_49' title='bbox 125 1007 149 1051; x_wconf 80' lang='lat' dir='ltr'><strong>lo</strong></span> <span class='ocrx_word' id='word_1_50' title='bbox 206 987 234 1040; x_wconf 79' lang='grc' dir='ltr'><strong>ίν</strong></span> <span class='ocrx_word' id='word_1_51' title='bbox 252 983 333 1063; x_wconf 77' lang='grc' dir='ltr'>βιοτῇ</span> <span class='ocrx_word' id='word_1_52' title='bbox 349 985 454 1062; x_wconf 79' lang='grc' dir='ltr'>Μοῖραν</span> <span class='ocrx_word' id='word_1_53' title='bbox 468 981 493 1038; x_wconf 83' lang='grc' dir='ltr'><strong>δ’</strong></span> <span class='ocrx_word' id='word_1_54' title='bbox 510 983 569 1039; x_wconf 79' lang='grc' dir='ltr'>οὔτι</span> <span class='ocrx_word' id='word_1_55' title='bbox 586 987 679 1061; x_wconf 77' lang='grc' dir='ltr'>φυγεῖν</span> <span class='ocrx_word' id='word_1_56' title='bbox 694 987 829 1061; x_wconf 87' lang='grc' dir='ltr'>μτρόπων.</span> 
     </span>
    </p>
   </div>
   <div class='ocr_carea' id='block_1_9' title="bbox 468 1309 635 1370">
    <p class='ocr_par' dir='ltr' id='par_1_9' title="bbox 468 1309 635 1370">
     <span class='ocr_line' id='line_1_9' title="bbox 468 1309 635 1370; baseline -0.036 0"><span class='ocrx_word' id='word_1_57' title='bbox 468 1309 518 1370; x_wconf 81' lang='grc'><strong>53.</strong></span> <span class='ocrx_word' id='word_1_58' title='bbox 536 1315 635 1366; x_wconf 84' lang='lat' dir='ltr'><strong>AAAO.</strong></span> 
     </span>
    </p>
   </div>
   <div class='ocr_carea' id='block_1_10' title="bbox 168 1446 930 1530">
    <p class='ocr_par' dir='ltr' id='par_1_10' title="bbox 168 1446 930 1530">
     <span class='ocr_line' id='line_1_10' title="bbox 168 1446 930 1530; baseline 0 -23"><span class='ocrx_word' id='word_1_59' title='bbox 168 1446 930 1530; x_wconf 68' lang='grc' dir='ltr'>λίνᾶμαῖβλίπειςὲ]πίσώματικείμενονἀνθρόςόρίστου·</span> 
     </span>
    </p>
   </div>
   <div class='ocr_carea' id='block_1_11' title="bbox 143 1534 882 2234">
    <p class='ocr_par' dir='ltr' id='par_1_11' title="bbox 143 1534 882 2234">
     <span class='ocr_line' id='line_1_11' title="bbox 169 1534 872 1616; baseline 0 -22"><span class='ocrx_word' id='word_1_60' title='bbox 169 1539 274 1595; x_wconf 77' lang='grc' dir='ltr'>Πυθίων</span> <span class='ocrx_word' id='word_1_61' title='bbox 288 1541 319 1593; x_wconf 78' lang='grc' dir='ltr'>ἐκ</span> <span class='ocrx_word' id='word_1_62' title='bbox 332 1540 464 1616; x_wconf 79' lang='grc' dir='ltr'>Μεγάρων</span> <span class='ocrx_word' id='word_1_63' title='bbox 480 1534 598 1602; x_wconf 83' lang='grc' dir='ltr'>δαιώσας</span> <span class='ocrx_word' id='word_1_64' title='bbox 613 1538 681 1592; x_wconf 77' lang='grc' dir='ltr'>ἑπτά</span> <span class='ocrx_word' id='word_1_65' title='bbox 697 1537 745 1613; x_wconf 79' lang='grc' dir='ltr'>μίν</span> <span class='ocrx_word' id='word_1_66' title='bbox 761 1535 872 1616; x_wconf 85' lang='grc' dir='ltr'>άνθρας,</span> 
     </span>
     <span class='ocr_line' id='line_1_12' title="bbox 169 1622 867 1704; baseline 0 -21"><span class='ocrx_word' id='word_1_67' title='bbox 169 1629 236 1684; x_wconf 78' lang='grc' dir='ltr'>ἑπτὰ</span> <span class='ocrx_word' id='word_1_68' title='bbox 251 1625 276 1683; x_wconf 80' lang='grc' dir='ltr'><strong>δ’</strong></span> <span class='ocrx_word' id='word_1_69' title='bbox 291 1622 451 1704; x_wconf 71' lang='grc' dir='ltr'>ἀπορρήξας</span> <span class='ocrx_word' id='word_1_70' title='bbox 463 1625 570 1704; x_wconf 78' lang='grc' dir='ltr'>λόγχας</span> <span class='ocrx_word' id='word_1_71' title='bbox 585 1627 625 1681; x_wconf 79' lang='grc' dir='ltr'><strong>ἑνί</strong></span> <span class='ocrx_word' id='word_1_72' title='bbox 638 1627 743 1702; x_wconf 82' lang='grc' dir='ltr'>σώματ’</span> <span class='ocrx_word' id='word_1_73' title='bbox 760 1628 867 1682; x_wconf 73' lang='grc' dir='ltr'>ἐκείνων</span> 
     </span>
     <span class='ocr_line' id='line_1_13' title="bbox 170 1709 882 1794; baseline -0.003 -22"><span class='ocrx_word' id='word_1_74' title='bbox 170 1715 257 1772; x_wconf 78' lang='grc' dir='ltr'>είλετο</span> <span class='ocrx_word' id='word_1_75' title='bbox 274 1718 323 1771; x_wconf 83' lang='grc' dir='ltr'><strong>τάν</strong></span> <span class='ocrx_word' id='word_1_76' title='bbox 339 1716 448 1792; x_wconf 79' lang='grc' dir='ltr'>ἀρετάν,</span> <span class='ocrx_word' id='word_1_77' title='bbox 464 1715 558 1794; x_wconf 87' lang='grc' dir='ltr'>πατίρ’</span> <span class='ocrx_word' id='word_1_78' title='bbox 573 1709 720 1781; x_wconf 78' lang='grc' dir='ltr'>εὐκλεΐζων</span> <span class='ocrx_word' id='word_1_79' title='bbox 736 1715 775 1769; x_wconf 78' lang='lat' dir='ltr'><strong>ivl</strong></span> <span class='ocrx_word' id='word_1_80' title='bbox 789 1711 882 1793; x_wconf 79' lang='grc' dir='ltr'>δήμῳ.</span> 
     </span>
     <span class='ocr_line' id='line_1_14' title="bbox 143 1787 829 1881; baseline -0.001 -21"><span class='ocrx_word' id='word_1_81' title='bbox 143 1823 156 1868; x_wconf 80' lang='lat'><strong>5</strong></span> <span class='ocrx_word' id='word_1_82' title='bbox 170 1801 256 1869; x_wconf 82' lang='grc' dir='ltr'>Οθτος</span> <span class='ocrx_word' id='word_1_83' title='bbox 272 1805 343 1880; x_wconf 74' lang='grc' dir='ltr'>ἀνὴρ</span> <span class='ocrx_word' id='word_1_84' title='bbox 360 1805 476 1860; x_wconf 77' lang='grc' dir='ltr'>ἐσάωσεν</span> <span class='ocrx_word' id='word_1_85' title='bbox 490 1787 633 1874; x_wconf 81' lang='grc' dir='ltr'>Ᾰθηναίων</span> <span class='ocrx_word' id='word_1_86' title='bbox 647 1804 717 1881; x_wconf 84' lang='grc' dir='ltr'>τρεῖς</span> <span class='ocrx_word' id='word_1_87' title='bbox 731 1801 829 1880; x_wconf 77' lang='grc' dir='ltr'>φυλάς,</span> 
     </span>
     <span class='ocr_line' id='line_1_15' title="bbox 170 1873 808 1969; baseline -0.003 -21"><span class='ocrx_word' id='word_1_88' title='bbox 170 1895 199 1948; x_wconf 87' lang='grc' dir='ltr'>ἐκ</span> <span class='ocrx_word' id='word_1_89' title='bbox 211 1894 308 1969; x_wconf 79' lang='grc' dir='ltr'>Παγᾶν</span> <span class='ocrx_word' id='word_1_90' title='bbox 323 1892 435 1968; x_wconf 78' lang='grc' dir='ltr'>ἀγαγὼν</span> <span class='ocrx_word' id='word_1_91' title='bbox 451 1888 497 1947; x_wconf 79' lang='grc' dir='ltr'><strong>διὰ</strong></span> <span class='ocrx_word' id='word_1_92' title='bbox 511 1892 637 1948; x_wconf 83' lang='grc' dir='ltr'>Βοιωτῶν</span> <span class='ocrx_word' id='word_1_93' title='bbox 652 1891 678 1954; x_wconf 78' lang='grc' dir='ltr'><strong>ίς</strong></span> <span class='ocrx_word' id='word_1_94' title='bbox 690 1873 808 1960; x_wconf 77' lang='grc' dir='ltr'>Ᾰθήνας·</span> 
     </span>
     <span class='ocr_line' id='line_1_16' title="bbox 168 1965 845 2058; baseline 0.006 -24"><span class='ocrx_word' id='word_1_95' title='bbox 168 1978 283 2038; x_wconf 65' lang='grc' dir='ltr'>ιθκλίίσ</span> <span class='ocrx_word' id='word_1_96' title='bbox 298 1965 449 2037; x_wconf 75' lang='grc' dir='ltr'>Ᾱνδοκίδαν</span> <span class='ocrx_word' id='word_1_97' title='bbox 466 1977 609 2058; x_wconf 83' lang='grc' dir='ltr'>δισχιλίοις</span> <span class='ocrx_word' id='word_1_98' title='bbox 623 1976 845 2057; x_wconf 85' lang='grc' dir='ltr'>άνδραπόδοισιν.</span> 
     </span>
     <span class='ocr_line' id='line_1_17' title="bbox 169 2065 874 2146; baseline -0.003 -22"><span class='ocrx_word' id='word_1_99' title='bbox 169 2067 275 2125; x_wconf 85' lang='grc' dir='ltr'>Οὖδίνα</span> <span class='ocrx_word' id='word_1_100' title='bbox 288 2072 422 2146; x_wconf 89' lang='grc' dir='ltr'>πημάνας</span> <span class='ocrx_word' id='word_1_101' title='bbox 436 2065 460 2122; x_wconf 84' lang='grc' dir='ltr'><strong>δ’</strong></span> <span class='ocrx_word' id='word_1_102' title='bbox 476 2067 531 2145; x_wconf 86' lang='grc' dir='ltr'><strong>όγ’</strong></span> <span class='ocrx_word' id='word_1_103' title='bbox 547 2065 708 2145; x_wconf 78' lang='grc' dir='ltr'>ἐπιχθονίων</span> <span class='ocrx_word' id='word_1_104' title='bbox 728 2066 874 2145; x_wconf 83' lang='grc' dir='ltr'>ἀνθρώπων</span> 
     </span>
     <span class='ocr_line' id='line_1_18' title="bbox 169 2141 826 2234; baseline 0.003 -22"><span class='ocrx_word' id='word_1_105' title='bbox 169 2159 203 2221; x_wconf 84' lang='grc' dir='ltr'><strong>είς</strong></span> <span class='ocrx_word' id='word_1_106' title='bbox 216 2141 288 2213; x_wconf 63' lang='lat' dir='ltr'><strong>Ate«</strong></span> <span class='ocrx_word' id='word_1_107' title='bbox 302 2153 416 2221; x_wconf 79' lang='grc' dir='ltr'>κατίθα,</span> <span class='ocrx_word' id='word_1_108' title='bbox 432 2159 513 2212; x_wconf 76' lang='grc' dir='ltr'>πᾶσιν</span> <span class='ocrx_word' id='word_1_109' title='bbox 531 2155 698 2234; x_wconf 87' lang='grc' dir='ltr'>μακαριστός</span> <span class='ocrx_word' id='word_1_110' title='bbox 710 2152 826 2214; x_wconf 85' lang='grc' dir='ltr'>ίδίσθαι.</span> 
     </span>
    </p>
   </div>
   <div class='ocr_carea' id='block_1_12' title="bbox 286 2481 827 2664">
    <p class='ocr_par' dir='ltr' id='par_1_12' title="bbox 286 2481 827 2664">
     <span class='ocr_line' id='line_1_19' title="bbox 392 2481 711 2562; baseline 0.009 -23"><span class='ocrx_word' id='word_1_111' title='bbox 392 2482 652 2540; x_wconf 80' lang='grc' dir='ltr'>ΑΡΙΣΤΟΤΕΛΟΥΣ</span> <span class='ocrx_word' id='word_1_112' title='bbox 674 2481 711 2562; x_wconf 71' lang='grc' dir='ltr'><strong>(θ)</strong></span> 
     </span>
     <span class='ocr_line' id='line_1_20' title="bbox 286 2595 827 2664; baseline -0.002 -16"><span class='ocrx_word' id='word_1_113' title='bbox 286 2598 328 2653; x_wconf 69' lang='lat' dir='ltr'><strong>El:</strong></span> <span class='ocrx_word' id='word_1_114' title='bbox 340 2597 398 2652; x_wconf 78' lang='grc' dir='ltr'>τοὺς</span> <span class='ocrx_word' id='word_1_115' title='bbox 410 2595 469 2662; x_wconf 83' lang='grc' dir='ltr'>παρ’</span> <span class='ocrx_word' id='word_1_116' title='bbox 488 2595 593 2664; x_wconf 81' lang='grc' dir='ltr'>Ὀμήρῳ</span> <span class='ocrx_word' id='word_1_117' title='bbox 606 2599 690 2664; x_wconf 78' lang='grc' dir='ltr'>ἥρωας</span> <span class='ocrx_word' id='word_1_118' title='bbox 704 2597 827 2660; x_wconf 73' lang='grc' dir='ltr'>ἐπιτάφιοι.</span> 
     </span>
    </p>
   </div>
   <div class='ocr_carea' id='block_1_13' title="bbox 236 2733 864 2816">
    <p class='ocr_par' dir='ltr' id='par_1_13' title="bbox 236 2733 864 2816">
     <span class='ocr_line' id='line_1_21' title="bbox 236 2733 864 2816; baseline -0.003 -22"><span class='ocrx_word' id='word_1_119' title='bbox 236 2737 284 2794; x_wconf 66' lang='grc'><strong>54.</strong></span> <span class='ocrx_word' id='word_1_120' title='bbox 304 2733 365 2816; x_wconf 68' lang='lat'>(21)</span> <span class='ocrx_word' id='word_1_121' title='bbox 388 2742 443 2792; x_wconf 84' lang='grc' dir='ltr'><strong>Ἐπὶ</strong></span> <span class='ocrx_word' id='word_1_122' title='bbox 456 2743 571 2800; x_wconf 78' lang='grc' dir='ltr'>Πηντλεω</span> <span class='ocrx_word' id='word_1_123' title='bbox 583 2743 697 2806; x_wconf 80' lang='grc' dir='ltr'>κειμένου</span> <span class='ocrx_word' id='word_1_124' title='bbox 711 2744 735 2792; x_wconf 77' lang='grc' dir='ltr'><strong>ἐν</strong></span> <span class='ocrx_word' id='word_1_125' title='bbox 750 2743 864 2808; x_wconf 76' lang='grc' dir='ltr'>Βοιωτίη.</span> 
     </span>
    </p>
   </div>
   <div class='ocr_carea' id='block_1_14' title="bbox 177 2867 844 3036">
    <p class='ocr_par' dir='ltr' id='par_1_14' title="bbox 177 2867 844 3036">
     <span class='ocr_line' id='line_1_22' title="bbox 177 2867 844 2948; baseline 0 -24"><span class='ocrx_word' id='word_1_126' title='bbox 177 2867 251 2925; x_wconf 68' lang='lat' dir='ltr'><strong>luuh*</strong></span> <span class='ocrx_word' id='word_1_127' title='bbox 268 2871 312 2925; x_wconf 83' lang='grc' dir='ltr'><strong>ίπὶ</strong></span> <span class='ocrx_word' id='word_1_128' title='bbox 326 2871 441 2947; x_wconf 76' lang='grc' dir='ltr'>Κηφισῷ</span> <span class='ocrx_word' id='word_1_129' title='bbox 456 2873 573 2946; x_wconf 83' lang='grc' dir='ltr'>ποταμῷ</span> <span class='ocrx_word' id='word_1_130' title='bbox 589 2867 668 2926; x_wconf 88' lang='grc' dir='ltr'>θίσαν</span> <span class='ocrx_word' id='word_1_131' title='bbox 684 2873 740 2926; x_wconf 84' lang='grc' dir='ltr'>ὠκὺ</span> <span class='ocrx_word' id='word_1_132' title='bbox 757 2872 844 2948; x_wconf 74' lang='grc' dir='ltr'>ῥέοντι</span> 
     </span>
     <span class='ocr_line' id='line_1_23' title="bbox 209 2956 755 3036; baseline 0.002 -23"><span class='ocrx_word' id='word_1_133' title='bbox 209 2956 306 3023; x_wconf 86' lang='grc' dir='ltr'>παίθες</span> <span class='ocrx_word' id='word_1_134' title='bbox 320 2959 445 3014; x_wconf 83' lang='grc' dir='ltr'>Βοιωτῶν</span> <span class='ocrx_word' id='word_1_135' title='bbox 460 2961 588 3036; x_wconf 78' lang='grc' dir='ltr'>σώφρονα</span> <span class='ocrx_word' id='word_1_136' title='bbox 600 2957 755 3030; x_wconf 71' lang='grc' dir='ltr'>Πηνέλεων.</span> 
     </span>
    </p>
   </div>
   <div class='ocr_carea' id='block_1_15' title="bbox 256 3107 857 3188">
    <p class='ocr_par' dir='ltr' id='par_1_15' title="bbox 256 3107 857 3188">
     <span class='ocr_line' id='line_1_24' title="bbox 256 3107 857 3188; baseline -0.002 -25"><span class='ocrx_word' id='word_1_137' title='bbox 256 3113 305 3168; x_wconf 84' lang='grc'><strong>55.</strong></span> <span class='ocrx_word' id='word_1_138' title='bbox 326 3107 387 3188; x_wconf 78' lang='lat'>(19)</span> <span class='ocrx_word' id='word_1_139' title='bbox 416 3111 470 3162; x_wconf 80' lang='grc' dir='ltr'><strong>Ἐπὶ</strong></span> <span class='ocrx_word' id='word_1_140' title='bbox 495 3113 646 3176; x_wconf 80' lang='grc' dir='ltr'>Ἀσκαλάφου</span> <span class='ocrx_word' id='word_1_141' title='bbox 661 3113 702 3162; x_wconf 81' lang='grc' dir='ltr'><strong>καί</strong></span> <span class='ocrx_word' id='word_1_142' title='bbox 721 3113 857 3178; x_wconf 83' lang='grc' dir='ltr'><strong>’ίειλμένουΙ</strong></span> 
     </span>
    </p>
   </div>
   <div class='ocr_carea' id='block_1_16' title="bbox 174 3223 864 3406">
    <p class='ocr_par' dir='ltr' id='par_1_16' title="bbox 174 3223 864 3406">
     <span class='ocr_line' id='line_1_25' title="bbox 174 3223 864 3316; baseline 0.003 -23"><span class='ocrx_word' id='word_1_143' title='bbox 174 3224 341 3315; x_wconf 76' lang='grc' dir='ltr'>Ᾰσκαλάρου</span> <span class='ocrx_word' id='word_1_144' title='bbox 356 3240 442 3316; x_wconf 81' lang='grc' dir='ltr'>Τροίη</span> <span class='ocrx_word' id='word_1_145' title='bbox 458 3237 590 3316; x_wconf 78' lang='grc' dir='ltr'>ρθιμίνου</span> <span class='ocrx_word' id='word_1_146' title='bbox 604 3241 651 3295; x_wconf 86' lang='grc' dir='ltr'><strong>καί</strong></span> <span class='ocrx_word' id='word_1_147' title='bbox 665 3223 800 3315; x_wconf 84' lang='grc' dir='ltr'>ίαλμίνου</span> <span class='ocrx_word' id='word_1_148' title='bbox 812 3237 864 3310; x_wconf 83' lang='grc' dir='ltr'><strong>ἥδε</strong></span> 
     </span>
     <span class='ocr_line' id='line_1_26' title="bbox 211 3323 782 3406; baseline 0 -24"><span class='ocrx_word' id='word_1_149' title='bbox 211 3327 294 3382; x_wconf 84' lang='grc' dir='ltr'>σ’στία</span> <span class='ocrx_word' id='word_1_150' title='bbox 307 3323 473 3398; x_wconf 73' lang='grc' dir='ltr'>πληξίππων</span> <span class='ocrx_word' id='word_1_151' title='bbox 485 3329 524 3403; x_wconf 83' lang='grc' dir='ltr'><strong>γῆ</strong></span> <span class='ocrx_word' id='word_1_152' title='bbox 540 3327 646 3382; x_wconf 83' lang='grc' dir='ltr'>Μινυῶν</span> <span class='ocrx_word' id='word_1_153' title='bbox 662 3331 782 3406; x_wconf 85' lang='grc' dir='ltr'>κατίχιι.</span> 
     </span>
    </p>
   </div>
   <div class='ocr_carea' id='block_1_17' title="bbox 211 3471 899 3551">
    <p class='ocr_par' dir='ltr' id='par_1_17' title="bbox 211 3471 899 3551">
     <span class='ocr_line' id='line_1_27' title="bbox 211 3471 899 3551; baseline 0 -19"><span class='ocrx_word' id='word_1_154' title='bbox 211 3475 261 3532; x_wconf 86' lang='grc'><strong>56.</strong></span> <span class='ocrx_word' id='word_1_155' title='bbox 285 3471 347 3551; x_wconf 82' lang='grc' dir='ltr'>(ίθ)</span> <span class='ocrx_word' id='word_1_156' title='bbox 371 3481 425 3530; x_wconf 86' lang='grc' dir='ltr'><strong>Ἐπὶ</strong></span> <span class='ocrx_word' id='word_1_157' title='bbox 435 3479 539 3535; x_wconf 78' lang='grc' dir='ltr'>Αἴαντος</span> <span class='ocrx_word' id='word_1_158' title='bbox 553 3479 597 3531; x_wconf 78' lang='grc' dir='ltr'><strong>τοῦ</strong></span> <span class='ocrx_word' id='word_1_159' title='bbox 619 3482 727 3542; x_wconf 77' lang='grc' dir='ltr'>Ὀὓιίως,</span> <span class='ocrx_word' id='word_1_160' title='bbox 743 3483 859 3546; x_wconf 73' lang='grc' dir='ltr'>κειμένου</span> <span class='ocrx_word' id='word_1_161' title='bbox 874 3483 899 3532; x_wconf 81' lang='grc' dir='ltr'><strong>ίν</strong></span> 
     </span>
    </p>
   </div>
   <div class='ocr_carea' id='block_1_18' title="bbox 441 3561 681 3625">
    <p class='ocr_par' dir='ltr' id='par_1_18' title="bbox 441 3561 681 3625">
     <span class='ocr_line' id='line_1_28' title="bbox 441 3561 681 3625; baseline 0.004 -15"><span class='ocrx_word' id='word_1_162' title='bbox 441 3561 550 3623; x_wconf 80' lang='grc' dir='ltr'>Μυκόνῳ</span> <span class='ocrx_word' id='word_1_163' title='bbox 562 3567 591 3625; x_wconf 76' lang='grc' dir='ltr'><strong>τῇ</strong></span> <span class='ocrx_word' id='word_1_164' title='bbox 602 3563 681 3625; x_wconf 78' lang='grc' dir='ltr'>νήσῳ.</span> 
     </span>
    </p>
   </div>
   <div class='ocr_carea' id='block_1_19' title="bbox 1022 805 1750 1056">
    <p class='ocr_par' dir='ltr' id='par_1_19' title="bbox 1022 805 1750 1056">
     <span class='ocr_line' id='line_1_29' title="bbox 1523 805 1749 880; baseline -0.013 -18"><span class='ocrx_word' id='word_1_165' title='bbox 1523 805 1749 880; x_wconf 86' lang='lat' dir='ltr'><strong>[snut-perpessi,</strong></span> 
     </span>
     <span class='ocr_line' id='line_1_30' title="bbox 1022 892 1748 968; baseline 0 -20"><span class='ocrx_word' id='word_1_166' title='bbox 1022 909 1145 966; x_wconf 88' lang='lat' dir='ltr'><strong>corpora,</strong></span> <span class='ocrx_word' id='word_1_167' title='bbox 1154 893 1219 968; x_wconf 88' lang='lat' dir='ltr'><strong>quia</strong></span> <span class='ocrx_word' id='word_1_168' title='bbox 1228 895 1389 953; x_wconf 78' lang='lat' dir='ltr'><strong>mortalibus</strong></span> <span class='ocrx_word' id='word_1_169' title='bbox 1400 911 1435 951; x_wconf 83' lang='lat' dir='ltr'><strong>er</strong></span> <span class='ocrx_word' id='word_1_170' title='bbox 1443 895 1457 951; x_wconf 85' lang='lat' dir='ltr'>J</span> <span class='ocrx_word' id='word_1_171' title='bbox 1459 911 1509 951; x_wconf 87' lang='lat' dir='ltr'><strong>ore</strong></span> <span class='ocrx_word' id='word_1_172' title='bbox 1520 895 1606 951; x_wconf 91' lang='lat' dir='ltr'><strong>hocce</strong></span> <span class='ocrx_word' id='word_1_173' title='bbox 1613 892 1748 968; x_wconf 88' lang='lat' dir='ltr'><strong>judicium</strong></span> 
     </span>
     <span class='ocr_line' id='line_1_31' title="bbox 1690 983 1750 1056; baseline -0.05 -18"><span class='ocrx_word' id='word_1_174' title='bbox 1690 983 1750 1056; x_wconf 84' lang='lat' dir='ltr'><strong>[est.</strong></span> 
     </span>
    </p>
   </div>
   <div class='ocr_carea' id='block_1_20' title="bbox 959 1066 1750 1152">
    <p class='ocr_par' dir='ltr' id='par_1_20' title="bbox 959 1066 1750 1152">
     <span class='ocr_line' id='line_1_32' title="bbox 959 1066 1750 1152; baseline 0.006 -31"><span class='ocrx_word' id='word_1_175' title='bbox 959 1145 962 1152; x_wconf 33' lang='grc' dir='ltr'>Ι</span> <span class='ocrx_word' id='word_1_176' title='bbox 988 1066 1062 1124; x_wconf 93' lang='lat' dir='ltr'><strong>Nihil</strong></span> <span class='ocrx_word' id='word_1_177' title='bbox 1070 1086 1185 1143; x_wconf 81' lang='lat' dir='ltr'><strong>peccare</strong></span> <span class='ocrx_word' id='word_1_178' title='bbox 1193 1070 1307 1130; x_wconf 87' lang='lat' dir='ltr'><strong>deorum</strong></span> <span class='ocrx_word' id='word_1_179' title='bbox 1316 1079 1368 1140; x_wconf 87' lang='lat' dir='ltr'><strong>est,</strong></span> <span class='ocrx_word' id='word_1_180' title='bbox 1379 1072 1506 1129; x_wconf 86' lang='lat' dir='ltr'><strong>etomnia</strong></span> <span class='ocrx_word' id='word_1_181' title='bbox 1514 1069 1750 1144; x_wconf 55' lang='lat' dir='ltr'><strong>feliciter-gerere</strong></span> 
     </span>
    </p>
   </div>
   <div class='ocr_carea' id='block_1_21' title="bbox 1023 1155 1752 1232">
    <p class='ocr_par' dir='ltr' id='par_1_21' title="bbox 1023 1155 1752 1232">
     <span class='ocr_line' id='line_1_33' title="bbox 1023 1155 1752 1232; baseline 0.003 -21"><span class='ocrx_word' id='word_1_182' title='bbox 1023 1155 1051 1212; x_wconf 91' lang='lat' dir='ltr'><strong>in</strong></span> <span class='ocrx_word' id='word_1_183' title='bbox 1063 1156 1120 1215; x_wconf 81' lang='lat' dir='ltr'><strong>vite</strong></span> <span class='ocrx_word' id='word_1_184' title='bbox 1135 1166 1225 1215; x_wconf 87' lang='lat' dir='ltr'><strong>autem</strong></span> <span class='ocrx_word' id='word_1_185' title='bbox 1241 1159 1380 1216; x_wconf 89' lang='lat' dir='ltr'><strong>bominum</strong></span> <span class='ocrx_word' id='word_1_186' title='bbox 1396 1161 1510 1216; x_wconf 88' lang='lat' dir='ltr'><strong>Parcam</strong></span> <span class='ocrx_word' id='word_1_187' title='bbox 1524 1175 1696 1232; x_wconf 87' lang='lat' dir='ltr'><strong>nequaquam</strong></span> <span class='ocrx_word' id='word_1_188' title='bbox 1709 1158 1752 1214; x_wconf 91' lang='lat' dir='ltr'><strong>lu·</strong></span> 
     </span>
    </p>
   </div>
   <div class='ocr_carea' id='block_1_22' title="bbox 1286 1248 1749 1366">
    <p class='ocr_par' dir='ltr' id='par_1_22' title="bbox 1286 1248 1749 1366">
     <span class='ocr_line' id='line_1_34' title="bbox 1286 1248 1749 1366; baseline -0.002 -63"><span class='ocrx_word' id='word_1_189' title='bbox 1286 1313 1329 1366; x_wconf 42' lang='lat'><strong>53·</strong></span> <span class='ocrx_word' id='word_1_190' title='bbox 1350 1319 1450 1362; x_wconf 36' lang='lat' dir='ltr'>mun.</span> <span class='ocrx_word' id='word_1_191' title='bbox 1609 1248 1687 1320; x_wconf 83' lang='lat' dir='ltr'><strong>[gere</strong></span> <span class='ocrx_word' id='word_1_192' title='bbox 1700 1252 1749 1302; x_wconf 84' lang='lat' dir='ltr'><strong>eet.</strong></span> 
     </span>
    </p>
   </div>
   <div class='ocr_carea' id='block_1_23' title="bbox 987 1449 1753 2403">
    <p class='ocr_par' dir='ltr' id='par_1_23' title="bbox 987 1449 1753 2403">
     <span class='ocr_line' id='line_1_35' title="bbox 988 1449 1752 1525; baseline -0.007 -17"><span class='ocrx_word' id='word_1_193' title='bbox 988 1451 1193 1508; x_wconf 83' lang='lat' dir='ltr'><strong>Monumentum</strong></span> <span class='ocrx_word' id='word_1_194' title='bbox 1212 1449 1313 1525; x_wconf 87' lang='lat' dir='ltr'><strong>aspicis</strong></span> <span class='ocrx_word' id='word_1_195' title='bbox 1332 1467 1415 1524; x_wconf 88' lang='lat' dir='ltr'><strong>super</strong></span> <span class='ocrx_word' id='word_1_196' title='bbox 1431 1467 1546 1525; x_wconf 90' lang='lat' dir='ltr'><strong>corpore</strong></span> <span class='ocrx_word' id='word_1_197' title='bbox 1566 1449 1686 1524; x_wconf 84' lang='lat' dir='ltr'><strong>positum</strong></span> <span class='ocrx_word' id='word_1_198' title='bbox 1700 1449 1752 1506; x_wconf 81' lang='lat' dir='ltr'><strong>viri</strong></span> 
     </span>
     <span class='ocr_line' id='line_1_36' title="bbox 988 1535 1750 1613; baseline -0.003 -19"><span class='ocrx_word' id='word_1_199' title='bbox 988 1536 1108 1612; x_wconf 79' lang='lat' dir='ltr'><strong>Pythion</strong></span> <span class='ocrx_word' id='word_1_200' title='bbox 1118 1553 1152 1594; x_wconf 86' lang='lat' dir='ltr'><strong>ex</strong></span> <span class='ocrx_word' id='word_1_201' title='bbox 1162 1536 1285 1612; x_wconf 76' lang='lat' dir='ltr'>Megaris</span> <span class='ocrx_word' id='word_1_202' title='bbox 1299 1537 1397 1595; x_wconf 82' lang='lat' dir='ltr'><strong>occisis</strong></span> <span class='ocrx_word' id='word_1_203' title='bbox 1414 1543 1520 1612; x_wconf 83' lang='lat' dir='ltr'><strong>septem</strong></span> <span class='ocrx_word' id='word_1_204' title='bbox 1533 1536 1611 1606; x_wconf 82' lang='lat' dir='ltr'><strong>viris,</strong></span> <span class='ocrx_word' id='word_1_205' title='bbox 1631 1535 1750 1613; x_wconf 85' lang='lat' dir='ltr'><strong>[optimi;</strong></span> 
     </span>
     <span class='ocr_line' id='line_1_37' title="bbox 988 1624 1663 1701; baseline -0.001 -18"><span class='ocrx_word' id='word_1_206' title='bbox 988 1631 1149 1700; x_wconf 77' lang='lat' dir='ltr'><strong>septemque</strong></span> <span class='ocrx_word' id='word_1_207' title='bbox 1162 1624 1258 1682; x_wconf 80' lang='lat' dir='ltr'><strong>fractis</strong></span> <span class='ocrx_word' id='word_1_208' title='bbox 1272 1625 1374 1682; x_wconf 83' lang='lat' dir='ltr'><strong>lanceis</strong></span> <span class='ocrx_word' id='word_1_209' title='bbox 1389 1626 1416 1682; x_wconf 90' lang='lat' dir='ltr'><strong>in</strong></span> <span class='ocrx_word' id='word_1_210' title='bbox 1432 1643 1525 1684; x_wconf 89' lang='lat' dir='ltr'><strong>eorum</strong></span> <span class='ocrx_word' id='word_1_211' title='bbox 1538 1643 1663 1701; x_wconf 82' lang='lat' dir='ltr'><strong>corpore,</strong></span> 
     </span>
     <span class='ocr_line' id='line_1_38' title="bbox 987 1713 1752 1790; baseline 0 -19"><span class='ocrx_word' id='word_1_212' title='bbox 987 1713 1146 1790; x_wconf 76' lang='lat' dir='ltr'><strong>anteposuit</strong></span> <span class='ocrx_word' id='word_1_213' title='bbox 1157 1713 1296 1782; x_wconf 90' lang='lat' dir='ltr'><strong>virtutem,</strong></span> <span class='ocrx_word' id='word_1_214' title='bbox 1308 1721 1414 1789; x_wconf 84' lang='lat' dir='ltr'><strong>patrem</strong></span> <span class='ocrx_word' id='word_1_215' title='bbox 1428 1715 1567 1773; x_wconf 84' lang='lat' dir='ltr'><strong>illustrans</strong></span> <span class='ocrx_word' id='word_1_216' title='bbox 1578 1714 1652 1790; x_wconf 90' lang='lat' dir='ltr'><strong>apud</strong></span> <span class='ocrx_word' id='word_1_217' title='bbox 1665 1732 1752 1789; x_wconf 93' lang='lat' dir='ltr'><strong>popu·</strong></span> 
     </span>
     <span class='ocr_line' id='line_1_39' title="bbox 988 1803 1749 1878; baseline 0.001 -19"><span class='ocrx_word' id='word_1_218' title='bbox 988 1803 1038 1860; x_wconf 92' lang='lat' dir='ltr'><strong>Vir</strong></span> <span class='ocrx_word' id='word_1_219' title='bbox 1049 1803 1093 1862; x_wconf 90' lang='lat' dir='ltr'><strong>ille</strong></span> <span class='ocrx_word' id='word_1_220' title='bbox 1106 1803 1227 1860; x_wconf 83' lang='lat' dir='ltr'><strong>servavit</strong></span> <span class='ocrx_word' id='word_1_221' title='bbox 1238 1809 1295 1860; x_wconf 89' lang='lat' dir='ltr'><strong>tres</strong></span> <span class='ocrx_word' id='word_1_222' title='bbox 1310 1803 1518 1861; x_wconf 74' lang='lat' dir='ltr'><strong>Atheniensium</strong></span> <span class='ocrx_word' id='word_1_223' title='bbox 1531 1803 1622 1862; x_wconf 84' lang='lat' dir='ltr'><strong>tribus</strong></span> <span class='ocrx_word' id='word_1_224' title='bbox 1673 1803 1749 1878; x_wconf 85' lang='lat' dir='ltr'><strong>[lum.</strong></span> 
     </span>
     <span class='ocr_line' id='line_1_40' title="bbox 988 1890 1749 1967; baseline -0.001 -19"><span class='ocrx_word' id='word_1_225' title='bbox 988 1909 1004 1948; x_wconf 90' lang='lat' dir='ltr'><strong>a</strong></span> <span class='ocrx_word' id='word_1_226' title='bbox 1019 1891 1105 1965; x_wconf 76' lang='lat' dir='ltr'><strong>Pugio</strong></span> <span class='ocrx_word' id='word_1_227' title='bbox 1119 1890 1248 1949; x_wconf 81' lang='lat' dir='ltr'><strong>reductae</strong></span> <span class='ocrx_word' id='word_1_228' title='bbox 1260 1909 1310 1967; x_wconf 92' lang='lat' dir='ltr'><strong>per</strong></span> <span class='ocrx_word' id='word_1_229' title='bbox 1325 1892 1436 1948; x_wconf 81' lang='lat' dir='ltr'><strong>Boeotos</strong></span> <span class='ocrx_word' id='word_1_230' title='bbox 1448 1893 1573 1950; x_wconf 80' lang='lat' dir='ltr'><strong>Athenae</strong></span> <span class='ocrx_word' id='word_1_231' title='bbox 1590 1909 1598 1949; x_wconf 81' lang='grc' dir='ltr'><strong>ε</strong></span> <span class='ocrx_word' id='word_1_232' title='bbox 1672 1891 1749 1966; x_wconf 85' lang='lat' dir='ltr'><strong>[ptis.</strong></span> 
     </span>
     <span class='ocr_line' id='line_1_41' title="bbox 988 1978 1751 2037; baseline 0.001 -3"><span class='ocrx_word' id='word_1_233' title='bbox 988 1978 1200 2036; x_wconf 85' lang='lat' dir='ltr'><strong>illustrem-lecit</strong></span> <span class='ocrx_word' id='word_1_234' title='bbox 1223 1978 1391 2036; x_wconf 78' lang='lat' dir='ltr'><strong>Andocidem</strong></span> <span class='ocrx_word' id='word_1_235' title='bbox 1414 1978 1541 2035; x_wconf 88' lang='lat' dir='ltr'><strong>bis-mille</strong></span> <span class='ocrx_word' id='word_1_236' title='bbox 1563 1979 1751 2037; x_wconf 84' lang='lat' dir='ltr'><strong>hostibus-ua·</strong></span> 
     </span>
     <span class='ocr_line' id='line_1_42' title="bbox 988 2065 1753 2140; baseline -0.001 -18"><span class='ocrx_word' id='word_1_237' title='bbox 988 2065 1123 2140; x_wconf 88' lang='lat' dir='ltr'><strong>Nulloque</strong></span> <span class='ocrx_word' id='word_1_238' title='bbox 1146 2083 1266 2140; x_wconf 82' lang='lat' dir='ltr'><strong>unquam</strong></span> <span class='ocrx_word' id='word_1_239' title='bbox 1279 2065 1343 2123; x_wconf 76' lang='lat' dir='ltr'><strong>lesu</strong></span> <span class='ocrx_word' id='word_1_240' title='bbox 1364 2065 1753 2139; x_wconf 67' lang='lat' dir='ltr'><strong>corumquos-terra-sustinet</strong></span> 
     </span>
     <span class='ocr_line' id='line_1_43' title="bbox 1587 2152 1751 2226; baseline -0.012 -16"><span class='ocrx_word' id='word_1_241' title='bbox 1587 2152 1751 2226; x_wconf 74' lang='lat' dir='ltr'><strong>(hominurn,</strong></span> 
     </span>
     <span class='ocr_line' id='line_1_44' title="bbox 989 2240 1751 2316; baseline -0.001 -19"><span class='ocrx_word' id='word_1_242' title='bbox 989 2241 1017 2298; x_wconf 90' lang='lat' dir='ltr'><strong>in</strong></span> <span class='ocrx_word' id='word_1_243' title='bbox 1032 2242 1132 2299; x_wconf 89' lang='lat' dir='ltr'><strong>Orcum</strong></span> <span class='ocrx_word' id='word_1_244' title='bbox 1147 2243 1303 2313; x_wconf 85' lang='lat' dir='ltr'><strong>descendit,</strong></span> <span class='ocrx_word' id='word_1_245' title='bbox 1319 2240 1367 2316; x_wconf 91' lang='lat' dir='ltr'><strong>qui</strong></span> <span class='ocrx_word' id='word_1_246' title='bbox 1380 2241 1506 2299; x_wconf 81' lang='lat' dir='ltr'><strong>omuibus</strong></span> <span class='ocrx_word' id='word_1_247' title='bbox 1520 2241 1696 2299; x_wconf 85' lang='lat' dir='ltr'><strong>beatissimus</strong></span> <span class='ocrx_word' id='word_1_248' title='bbox 1710 2241 1751 2296; x_wconf 73' lang='lat' dir='ltr'><strong>vi⁴</strong></span> 
     </span>
     <span class='ocr_line' id='line_1_45' title="bbox 1536 2327 1751 2403; baseline -0.014 -19"><span class='ocrx_word' id='word_1_249' title='bbox 1536 2329 1606 2403; x_wconf 89' lang='lat' dir='ltr'><strong>[deri</strong></span> <span class='ocrx_word' id='word_1_250' title='bbox 1621 2327 1751 2402; x_wconf 86' lang='lat' dir='ltr'><strong>potuerit.</strong></span> 
     </span>
    </p>
   </div>
   <div class='ocr_carea' id='block_1_24' title="bbox 1143 2479 1605 2676">
    <p class='ocr_par' dir='ltr' id='par_1_24' title="bbox 1143 2479 1605 2676">
     <span class='ocr_line' id='line_1_46' title="bbox 1224 2479 1522 2554; baseline -0.01 -16"><span class='ocrx_word' id='word_1_251' title='bbox 1224 2479 1458 2538; x_wconf 72' lang='lat' dir='ltr'>ARISTOTELIS</span> <span class='ocrx_word' id='word_1_252' title='bbox 1478 2479 1522 2554; x_wconf 75' lang='grc' dir='ltr'>(θ).</span> 
     </span>
     <span class='ocr_line' id='line_1_47' title="bbox 1143 2595 1605 2676; baseline -0.002 -29"><span class='ocrx_word' id='word_1_253' title='bbox 1143 2599 1171 2648; x_wconf 93' lang='lat' dir='ltr'><strong>ln</strong></span> <span class='ocrx_word' id='word_1_254' title='bbox 1186 2597 1340 2647; x_wconf 83' lang='lat' dir='ltr'><strong>Homericos</strong></span> <span class='ocrx_word' id='word_1_255' title='bbox 1352 2595 1448 2646; x_wconf 82' lang='lat' dir='ltr'><strong>herona</strong></span> <span class='ocrx_word' id='word_1_256' title='bbox 1461 2597 1605 2676; x_wconf 78' lang='lat' dir='ltr'><strong>epitaphia.</strong></span> 
     </span>
    </p>
   </div>
   <div class='ocr_carea' id='block_1_25' title="bbox 1091 2741 1649 2810">
    <p class='ocr_par' dir='ltr' id='par_1_25' title="bbox 1091 2741 1649 2810">
     <span class='ocr_line' id='line_1_48' title="bbox 1091 2741 1649 2810; baseline -0.013 -12"><span class='ocrx_word' id='word_1_257' title='bbox 1091 2743 1134 2798; x_wconf 76' lang='lat'><strong>54.</strong></span> <span class='ocrx_word' id='word_1_258' title='bbox 1156 2745 1240 2810; x_wconf 89' lang='lat' dir='ltr'><strong>Super</strong></span> <span class='ocrx_word' id='word_1_259' title='bbox 1249 2745 1365 2800; x_wconf 82' lang='lat' dir='ltr'><strong>Peneleo</strong></span> <span class='ocrx_word' id='word_1_260' title='bbox 1378 2743 1406 2795; x_wconf 88' lang='lat' dir='ltr'><strong>in</strong></span> <span class='ocrx_word' id='word_1_261' title='bbox 1420 2741 1524 2796; x_wconf 83' lang='lat' dir='ltr'><strong>Boeotia</strong></span> <span class='ocrx_word' id='word_1_262' title='bbox 1537 2745 1649 2808; x_wconf 84' lang='lat' dir='ltr'><strong>aepulto.</strong></span> 
     </span>
    </p>
   </div>
   <div class='ocr_carea' id='block_1_26' title="bbox 991 2873 1752 3039">
    <p class='ocr_par' dir='ltr' id='par_1_26' title="bbox 991 2873 1752 3039">
     <span class='ocr_line' id='line_1_49' title="bbox 991 2873 1752 2952; baseline -0.012 -16"><span class='ocrx_word' id='word_1_263' title='bbox 991 2881 1100 2936; x_wconf 88' lang='lat' dir='ltr'><strong>lluucce</strong></span> <span class='ocrx_word' id='word_1_264' title='bbox 1122 2877 1157 2934; x_wconf 88' lang='lat' dir='ltr'><strong>ad</strong></span> <span class='ocrx_word' id='word_1_265' title='bbox 1179 2877 1326 2952; x_wconf 87' lang='lat' dir='ltr'><strong>Cephisum</strong></span> <span class='ocrx_word' id='word_1_266' title='bbox 1349 2893 1456 2933; x_wconf 88' lang='lat' dir='ltr'><strong>amnem</strong></span> <span class='ocrx_word' id='word_1_267' title='bbox 1479 2873 1603 2932; x_wconf 78' lang='lat' dir='ltr'><strong>celeriter</strong></span> <span class='ocrx_word' id='word_1_268' title='bbox 1624 2874 1752 2928; x_wconf 86' lang='lat' dir='ltr'><strong>liuentem</strong></span> 
     </span>
     <span class='ocr_line' id='line_1_50' title="bbox 1026 2959 1750 3039; baseline -0.014 -15"><span class='ocrx_word' id='word_1_269' title='bbox 1026 2969 1184 3026; x_wconf 72' lang='lat' dir='ltr'><strong>Boeotorum</strong></span> <span class='ocrx_word' id='word_1_270' title='bbox 1199 2965 1247 3022; x_wconf 82' lang='lat' dir='ltr'><strong>lilii</strong></span> <span class='ocrx_word' id='word_1_271' title='bbox 1262 2964 1424 3039; x_wconf 86' lang='lat' dir='ltr'><strong>prudentem</strong></span> <span class='ocrx_word' id='word_1_272' title='bbox 1439 2961 1596 3020; x_wconf 84' lang='lat' dir='ltr'><strong>Peneleum.</strong></span> <span class='ocrx_word' id='word_1_273' title='bbox 1624 2959 1750 3033; x_wconf 87' lang='lat' dir='ltr'><strong>[posuere</strong></span> 
     </span>
    </p>
   </div>
   <div class='ocr_carea' id='block_1_27' title="bbox 1125 3123 1613 3192">
    <p class='ocr_par' dir='ltr' id='par_1_27' title="bbox 1125 3123 1613 3192">
     <span class='ocr_line' id='line_1_51' title="bbox 1125 3123 1613 3192; baseline -0.014 -15"><span class='ocrx_word' id='word_1_274' title='bbox 1125 3123 1169 3177; x_wconf 83' lang='lat'><strong>55.</strong></span> <span class='ocrx_word' id='word_1_275' title='bbox 1185 3125 1270 3192; x_wconf 82' lang='lat' dir='ltr'><strong>Super</strong></span> <span class='ocrx_word' id='word_1_276' title='bbox 1283 3123 1433 3188; x_wconf 71' lang='lat' dir='ltr'><strong>Ascalapho</strong></span> <span class='ocrx_word' id='word_1_277' title='bbox 1447 3128 1474 3172; x_wconf 85' lang='lat' dir='ltr'><strong>et</strong></span> <span class='ocrx_word' id='word_1_278' title='bbox 1487 3123 1613 3173; x_wconf 87' lang='lat' dir='ltr'><strong>Ialmeno.</strong></span> 
     </span>
    </p>
   </div>
   <div class='ocr_carea' id='block_1_28' title="bbox 991 3246 1723 3413">
    <p class='ocr_par' dir='ltr' id='par_1_28' title="bbox 991 3246 1723 3413">
     <span class='ocr_line' id='line_1_52' title="bbox 991 3246 1629 3326; baseline -0.013 -17"><span class='ocrx_word' id='word_1_279' title='bbox 991 3251 1138 3326; x_wconf 84' lang='lat' dir='ltr'><strong>Ascalaphi</strong></span> <span class='ocrx_word' id='word_1_280' title='bbox 1152 3251 1241 3326; x_wconf 85' lang='lat' dir='ltr'><strong>Trojae</strong></span> <span class='ocrx_word' id='word_1_281' title='bbox 1255 3249 1356 3308; x_wconf 89' lang='lat' dir='ltr'><strong>mortui</strong></span> <span class='ocrx_word' id='word_1_282' title='bbox 1370 3255 1398 3305; x_wconf 90' lang='lat' dir='ltr'><strong>et</strong></span> <span class='ocrx_word' id='word_1_283' title='bbox 1412 3247 1523 3304; x_wconf 89' lang='lat' dir='ltr'><strong>lnlmeni</strong></span> <span class='ocrx_word' id='word_1_284' title='bbox 1538 3246 1629 3303; x_wconf 78' lang='lat' dir='ltr'><strong>hence</strong></span> 
     </span>
     <span class='ocr_line' id='line_1_53' title="bbox 1027 3334 1723 3413; baseline -0.014 -17"><span class='ocrx_word' id='word_1_285' title='bbox 1027 3356 1091 3396; x_wconf 84' lang='lat' dir='ltr'><strong>ossa</strong></span> <span class='ocrx_word' id='word_1_286' title='bbox 1105 3337 1367 3413; x_wconf 78' lang='lat' dir='ltr'><strong>agitantium-equos</strong></span> <span class='ocrx_word' id='word_1_287' title='bbox 1381 3334 1536 3408; x_wconf 80' lang='lat' dir='ltr'><strong>Minyarum</strong></span> <span class='ocrx_word' id='word_1_288' title='bbox 1549 3339 1625 3388; x_wconf 90' lang='lat' dir='ltr'><strong>terra</strong></span> <span class='ocrx_word' id='word_1_289' title='bbox 1637 3337 1723 3387; x_wconf 90' lang='lat' dir='ltr'><strong>tenet.</strong></span> 
     </span>
    </p>
   </div>
   <div class='ocr_carea' id='block_1_29' title="bbox 963 3481 1704 3606">
    <p class='ocr_par' dir='ltr' id='par_1_29' title="bbox 963 3481 1704 3606">
     <span class='ocr_line' id='line_1_54' title="bbox 963 3481 1704 3606; baseline -0.003 -62"><span class='ocrx_word' id='word_1_290' title='bbox 963 3481 967 3606; x_wconf 86' lang='lat'>(</span> <span class='ocrx_word' id='word_1_291' title='bbox 1046 3491 1088 3544; x_wconf 82' lang='lat'><strong>56.</strong></span> <span class='ocrx_word' id='word_1_292' title='bbox 1110 3495 1194 3560; x_wconf 88' lang='lat' dir='ltr'><strong>Super</strong></span> <span class='ocrx_word' id='word_1_293' title='bbox 1204 3494 1287 3560; x_wconf 85' lang='lat' dir='ltr'><strong>Ajace</strong></span> <span class='ocrx_word' id='word_1_294' title='bbox 1299 3493 1366 3544; x_wconf 78' lang='lat' dir='ltr'><strong>Oilei</strong></span> <span class='ocrx_word' id='word_1_295' title='bbox 1378 3492 1442 3552; x_wconf 81' lang='lat' dir='ltr'><strong>ulio.</strong></span> <span class='ocrx_word' id='word_1_296' title='bbox 1453 3493 1480 3543; x_wconf 93' lang='lat' dir='ltr'><strong>in</strong></span> <span class='ocrx_word' id='word_1_297' title='bbox 1489 3491 1600 3556; x_wconf 82' lang='lat' dir='ltr'><strong>Mycono</strong></span> <span class='ocrx_word' id='word_1_298' title='bbox 1617 3489 1704 3542; x_wconf 77' lang='lat' dir='ltr'><strong>insula</strong></span> 
     </span>
    </p>
   </div>
   <div class='ocr_carea' id='block_1_30' title="bbox 1314 3579 1426 3644">
    <p class='ocr_par' dir='ltr' id='par_1_30' title="bbox 1314 3579 1426 3644">
     <span class='ocr_line' id='line_1_55' title="bbox 1314 3579 1426 3644; baseline -0.009 -16"><span class='ocrx_word' id='word_1_299' title='bbox 1314 3579 1426 3644; x_wconf 83' lang='lat' dir='ltr'><strong>sepulto.</strong></span> 
     </span>
    </p>
   </div>
   <div class='ocr_carea' id='block_1_31' title="bbox 175 3615 1562 3771">
    <p class='ocr_par' dir='ltr' id='par_1_31' title="bbox 175 3615 1562 3771">
     <span class='ocr_line' id='line_1_56' title="bbox 175 3615 1562 3771; baseline 0.001 -12"><span class='ocrx_word' id='word_1_300' title='bbox 175 3675 276 3747; x_wconf 64' lang='lat' dir='ltr'><strong>Arbele</strong></span> <span class='ocrx_word' id='word_1_301' title='bbox 291 3691 338 3746; x_wconf 65' lang='grc' dir='ltr'><strong>τὸν</strong></span> <span class='ocrx_word' id='word_1_302' title='bbox 354 3695 463 3769; x_wconf 71' lang='lat' dir='ltr'><strong>Aoapnv</strong></span> <span class='ocrx_word' id='word_1_303' title='bbox 477 3693 606 3770; x_wconf 69' lang='grc' dir='ltr'>θγθτῡρα</span> <span class='ocrx_word' id='word_1_304' title='bbox 619 3697 686 3770; x_wconf 66' lang='lat' dir='ltr'><strong>pota</strong></span> <span class='ocrx_word' id='word_1_305' title='bbox 700 3698 830 3771; x_wconf 61' lang='lat' dir='ltr'><strong>²²³⁶0&#39;lttl</strong></span> <span class='ocrx_word' id='word_1_306' title='bbox 964 3615 968 3766; x_wconf 86' lang='lat' dir='ltr'><strong>i</strong></span> <span class='ocrx_word' id='word_1_307' title='bbox 995 3707 1044 3762; x_wconf 85' lang='lat' dir='ltr'><strong>llic</strong></span> <span class='ocrx_word' id='word_1_308' title='bbox 1058 3706 1204 3762; x_wconf 87' lang='lat' dir='ltr'><strong>Locrorum</strong></span> <span class='ocrx_word' id='word_1_309' title='bbox 1220 3705 1361 3763; x_wconf 88' lang='lat' dir='ltr'><strong>ductorem</strong></span> <span class='ocrx_word' id='word_1_310' title='bbox 1375 3713 1450 3763; x_wconf 86' lang='lat' dir='ltr'><strong>terra</strong></span> <span class='ocrx_word' id='word_1_311' title='bbox 1464 3703 1562 3762; x_wconf 83' lang='lat' dir='ltr'><strong>habuit</strong></span> 
     </span>
    </p>
   </div>
   <div class='ocr_carea' id='block_1_32' title="bbox 212 3777 778 3858">
    <p class='ocr_par' dir='ltr' id='par_1_32' title="bbox 212 3777 778 3858">
     <span class='ocr_line' id='line_1_57' title="bbox 212 3777 778 3858; baseline 0.005 -23"><span class='ocrx_word' id='word_1_312' title='bbox 212 3779 302 3835; x_wconf 72' lang='grc' dir='ltr'>Αἴαντ’</span> <span class='ocrx_word' id='word_1_313' title='bbox 319 3777 454 3851; x_wconf 83' lang='grc' dir='ltr'>Οίλιάθην</span> <span class='ocrx_word' id='word_1_314' title='bbox 467 3782 494 3835; x_wconf 80' lang='lat' dir='ltr'><strong>lu</strong></span> <span class='ocrx_word' id='word_1_315' title='bbox 506 3779 621 3857; x_wconf 80' lang='grc' dir='ltr'>πελάγει</span> <span class='ocrx_word' id='word_1_316' title='bbox 638 3780 778 3858; x_wconf 80' lang='grc' dir='ltr'>φθίμενον.</span> 
     </span>
    </p>
   </div>
   <div class='ocr_carea' id='block_1_33' title="bbox 228 3929 883 4012">
    <p class='ocr_par' dir='ltr' id='par_1_33' title="bbox 228 3929 883 4012">
     <span class='ocr_line' id='line_1_58' title="bbox 228 3929 883 4012; baseline 0.008 -22"><span class='ocrx_word' id='word_1_317' title='bbox 228 3933 275 3992; x_wconf 76' lang='grc'><strong>57.</strong></span> <span class='ocrx_word' id='word_1_318' title='bbox 294 3929 356 4012; x_wconf 86' lang='grc'>(33)</span> <span class='ocrx_word' id='word_1_319' title='bbox 381 3941 433 3991; x_wconf 78' lang='grc' dir='ltr'><strong>Ἐπὶ</strong></span> <span class='ocrx_word' id='word_1_320' title='bbox 456 3943 618 4008; x_wconf 68' lang='grc' dir='ltr'>’ίῶιρήνορος</span> <span class='ocrx_word' id='word_1_321' title='bbox 631 3945 745 4007; x_wconf 82' lang='grc' dir='ltr'>κειμένου</span> <span class='ocrx_word' id='word_1_322' title='bbox 759 3944 783 3994; x_wconf 76' lang='grc' dir='ltr'><strong>όν</strong></span> <span class='ocrx_word' id='word_1_323' title='bbox 796 3945 883 4011; x_wconf 80' lang='grc' dir='ltr'>Τροίη.</span> 
     </span>
    </p>
   </div>
   <div class='ocr_carea' id='block_1_34' title="bbox 177 4053 883 4236">
    <p class='ocr_par' dir='ltr' id='par_1_34' title="bbox 177 4053 883 4236">
     <span class='ocr_line' id='line_1_59' title="bbox 177 4053 883 4148; baseline 0.01 -28"><span class='ocrx_word' id='word_1_324' title='bbox 177 4067 268 4136; x_wconf 72' lang='grc' dir='ltr'>Νησου</span> <span class='ocrx_word' id='word_1_325' title='bbox 284 4067 331 4122; x_wconf 81' lang='grc' dir='ltr'><strong>ἀπ’</strong></span> <span class='ocrx_word' id='word_1_326' title='bbox 346 4063 464 4138; x_wconf 81' lang='grc' dir='ltr'>Εὐόοίης</span> <span class='ocrx_word' id='word_1_327' title='bbox 477 4053 642 4148; x_wconf 64' lang='grc' dir='ltr'>Ἐλεφήνορα</span> <span class='ocrx_word' id='word_1_328' title='bbox 656 4071 741 4148; x_wconf 81' lang='grc' dir='ltr'>ἀρχόν</span> <span class='ocrx_word' id='word_1_329' title='bbox 756 4055 883 4128; x_wconf 66' lang='lat' dir='ltr'><strong>Atalmo</strong></span> 
     </span>
     <span class='ocr_line' id='line_1_60' title="bbox 215 4151 777 4236; baseline 0.014 -28"><span class='ocrx_word' id='word_1_330' title='bbox 215 4151 305 4209; x_wconf 81' lang='grc' dir='ltr'>ἐνθάδ’</span> <span class='ocrx_word' id='word_1_331' title='bbox 323 4157 362 4210; x_wconf 73' lang='lat' dir='ltr'><strong>tut</strong></span> <span class='ocrx_word' id='word_1_332' title='bbox 376 4157 461 4235; x_wconf 86' lang='grc' dir='ltr'>Τροίη</span> <span class='ocrx_word' id='word_1_333' title='bbox 478 4161 560 4236; x_wconf 83' lang='grc' dir='ltr'>μοῖρα</span> <span class='ocrx_word' id='word_1_334' title='bbox 573 4161 688 4235; x_wconf 81' lang='grc' dir='ltr'>κατέσχε</span> <span class='ocrx_word' id='word_1_335' title='bbox 706 4158 777 4233; x_wconf 86' lang='grc' dir='ltr'>βίου.</span> 
     </span>
    </p>
   </div>
   <div class='ocr_carea' id='block_1_35' title="bbox 180 4448 369 4458">
    <p class='ocr_par' dir='ltr' id='par_1_35' title="bbox 180 4448 369 4458">
     <span class='ocr_line' id='line_1_61' title="bbox 180 4448 369 4458; baseline 0 0"><span class='ocrx_word' id='word_1_336' title='bbox 180 4448 369 4458; x_wconf 49' lang='grc' dir='ltr'>...ι-*-</span> 
     </span>
    </p>
   </div>
   <div class='ocr_carea' id='block_1_36' title="bbox 180 4577 768 4726">
    <p class='ocr_par' dir='ltr' id='par_1_36' title="bbox 180 4577 768 4726">
     <span class='ocr_line' id='line_1_62' title="bbox 210 4577 768 4648; baseline 0.013 -21"><span class='ocrx_word' id='word_1_337' title='bbox 210 4577 314 4628; x_wconf 82' lang='lat' dir='ltr'><strong>aubdrta</strong></span> <span class='ocrx_word' id='word_1_338' title='bbox 325 4577 382 4642; x_wconf 87' lang='lat' dir='ltr'><strong>jam</strong></span> <span class='ocrx_word' id='word_1_339' title='bbox 397 4577 464 4628; x_wconf 91' lang='lat' dir='ltr'><strong>collo</strong></span> <span class='ocrx_word' id='word_1_340' title='bbox 479 4579 559 4630; x_wconf 79' lang='lat' dir='ltr'><strong>ferret</strong></span> <span class='ocrx_word' id='word_1_341' title='bbox 572 4581 654 4632; x_wconf 89' lang='lat' dir='ltr'><strong>herile</strong></span> <span class='ocrx_word' id='word_1_342' title='bbox 664 4583 768 4648; x_wconf 84' lang='lat' dir='ltr'><strong>jugum.</strong></span> 
     </span>
     <span class='ocr_line' id='line_1_63' title="bbox 180 4659 766 4726; baseline 0.012 -16"><span class='ocrx_word' id='word_1_343' title='bbox 180 4659 270 4725; x_wconf 86' lang='lat' dir='ltr'><strong>Sopint</strong></span> <span class='ocrx_word' id='word_1_344' title='bbox 278 4659 383 4711; x_wconf 87' lang='lat' dir='ltr'><strong>illorum</strong></span> <span class='ocrx_word' id='word_1_345' title='bbox 396 4667 456 4726; x_wconf 80' lang='lat' dir='ltr'><strong>poet</strong></span> <span class='ocrx_word' id='word_1_346' title='bbox 468 4661 564 4713; x_wconf 82' lang='lat' dir='ltr'><strong>multoe</strong></span> <span class='ocrx_word' id='word_1_347' title='bbox 578 4671 649 4714; x_wconf 86' lang='lat' dir='ltr'><strong>terra</strong></span> <span class='ocrx_word' id='word_1_348' title='bbox 662 4665 766 4717; x_wconf 81' lang='lat' dir='ltr'><strong>laborer</strong></span> 
     </span>
    </p>
   </div>
   <div class='ocr_carea' id='block_1_37' title="bbox 181 4745 939 4982">
    <p class='ocr_par' dir='ltr' id='par_1_37' title="bbox 181 4745 939 4982">
     <span class='ocr_line' id='line_1_64' title="bbox 211 4745 913 4816; baseline 0.014 -24"><span class='ocrx_word' id='word_1_349' title='bbox 211 4757 323 4810; x_wconf 86' lang='lat' dir='ltr'><strong>corpora</strong></span> <span class='ocrx_word' id='word_1_350' title='bbox 335 4757 343 4792; x_wconf 77' lang='grc' dir='ltr'><strong>ε</strong></span> <span class='ocrx_word' id='word_1_351' title='bbox 359 4757 470 4810; x_wconf 81' lang='lat' dir='ltr'><strong>numque</strong></span> <span class='ocrx_word' id='word_1_352' title='bbox 481 4745 531 4795; x_wconf 90' lang='lat' dir='ltr'><strong>hoc</strong></span> <span class='ocrx_word' id='word_1_353' title='bbox 543 4753 583 4798; x_wconf 83' lang='lat' dir='ltr'><strong>eat</strong></span> <span class='ocrx_word' id='word_1_354' title='bbox 595 4747 628 4798; x_wconf 84' lang='lat' dir='ltr'><strong>ab</strong></span> <span class='ocrx_word' id='word_1_355' title='bbox 639 4749 702 4800; x_wconf 83' lang='lat' dir='ltr'><strong>Jove</strong></span> <span class='ocrx_word' id='word_1_356' title='bbox 710 4749 754 4816; x_wconf 85' lang='lat' dir='ltr'><strong>jna</strong></span> <span class='ocrx_word' id='word_1_357' title='bbox 767 4749 913 4802; x_wconf 87' lang='lat' dir='ltr'><strong>hominum.</strong></span> 
     </span>
     <span class='ocr_line' id='line_1_65' title="bbox 181 4825 915 4901; baseline 0.016 -26"><span class='ocrx_word' id='word_1_358' title='bbox 181 4825 306 4876; x_wconf 81' lang='lat' dir='ltr'><strong>Effectum</strong></span> <span class='ocrx_word' id='word_1_359' title='bbox 319 4825 382 4878; x_wconf 86' lang='lat' dir='ltr'><strong>dare</strong></span> <span class='ocrx_word' id='word_1_360' title='bbox 396 4825 521 4894; x_wconf 86' lang='lat' dir='ltr'><strong>quidquid</strong></span> <span class='ocrx_word' id='word_1_361' title='bbox 537 4845 610 4896; x_wconf 81' lang='lat' dir='ltr'><strong>agae,</strong></span> <span class='ocrx_word' id='word_1_362' title='bbox 626 4847 715 4884; x_wconf 86' lang='lat' dir='ltr'><strong>errare</strong></span> <span class='ocrx_word' id='word_1_363' title='bbox 729 4849 777 4886; x_wconf 90' lang='lat' dir='ltr'><strong>nec</strong></span> <span class='ocrx_word' id='word_1_364' title='bbox 791 4851 915 4901; x_wconf 78' lang='lat' dir='ltr'><strong>unquam,</strong></span> 
     </span>
     <span class='ocr_line' id='line_1_66' title="bbox 212 4907 939 4982; baseline 0.011 -23"><span class='ocrx_word' id='word_1_365' title='bbox 212 4907 359 4960; x_wconf 85' lang='lat' dir='ltr'><strong>ooelioolum</strong></span> <span class='ocrx_word' id='word_1_366' title='bbox 373 4915 432 4961; x_wconf 81' lang='lat' dir='ltr'><strong>eet:</strong></span> <span class='ocrx_word' id='word_1_367' title='bbox 448 4911 530 4963; x_wconf 82' lang='lat' dir='ltr'><strong>fatum</strong></span> <span class='ocrx_word' id='word_1_368' title='bbox 541 4928 595 4965; x_wconf 88' lang='lat' dir='ltr'><strong>non</strong></span> <span class='ocrx_word' id='word_1_369' title='bbox 608 4915 684 4968; x_wconf 86' lang='lat' dir='ltr'><strong>datur</strong></span> <span class='ocrx_word' id='word_1_370' title='bbox 696 4916 820 4982; x_wconf 79' lang='lat' dir='ltr'><strong>effugere.</strong></span> <span class='ocrx_word' id='word_1_371' title='bbox 867 4935 894 4970; x_wconf 85' lang='lat' dir='ltr'><strong>n.</strong></span> <span class='ocrx_word' id='word_1_372' title='bbox 913 4933 939 4970; x_wconf 89' lang='lat' dir='ltr'><strong>o.</strong></span> 
     </span>
    </p>
   </div>
   <div class='ocr_carea' id='block_1_38' title="bbox 341 5029 779 5090">
    <p class='ocr_par' dir='ltr' id='par_1_38' title="bbox 341 5029 779 5090">
     <span class='ocr_line' id='line_1_67' title="bbox 341 5029 779 5090; baseline 0.023 -10"><span class='ocrx_word' id='word_1_373' title='bbox 341 5029 383 5081; x_wconf 80' lang='lat' dir='ltr'><strong>bl.</strong></span> <span class='ocrx_word' id='word_1_374' title='bbox 402 5031 441 5084; x_wconf 84' lang='lat' dir='ltr'><strong>De</strong></span> <span class='ocrx_word' id='word_1_375' title='bbox 453 5033 560 5086; x_wconf 78' lang='lat' dir='ltr'><strong>Peneleo</strong></span> <span class='ocrx_word' id='word_1_376' title='bbox 574 5035 601 5087; x_wconf 82' lang='lat' dir='ltr'><strong>in</strong></span> <span class='ocrx_word' id='word_1_377' title='bbox 610 5036 707 5088; x_wconf 81' lang='lat' dir='ltr'><strong>lloeolr‘o</strong></span> <span class='ocrx_word' id='word_1_378' title='bbox 719 5040 779 5090; x_wconf 78' lang='lat' dir='ltr'><strong>aito.</strong></span> 
     </span>
    </p>
   </div>
   <div class='ocr_carea' id='block_1_39' title="bbox 185 5139 805 5294">
    <p class='ocr_par' dir='ltr' id='par_1_39' title="bbox 185 5139 805 5294">
     <span class='ocr_line' id='line_1_68' title="bbox 185 5139 805 5211; baseline 0.013 -19"><span class='ocrx_word' id='word_1_379' title='bbox 185 5143 223 5192; x_wconf 86' lang='lat' dir='ltr'><strong>Ad</strong></span> <span class='ocrx_word' id='word_1_380' title='bbox 234 5139 302 5192; x_wconf 82' lang='lat' dir='ltr'><strong>vada</strong></span> <span class='ocrx_word' id='word_1_381' title='bbox 317 5141 435 5207; x_wconf 83' lang='lat' dir='ltr'><strong>cephieai</strong></span> <span class='ocrx_word' id='word_1_382' title='bbox 447 5143 558 5211; x_wconf 78' lang='lat' dir='ltr'><strong>populus</strong></span> <span class='ocrx_word' id='word_1_383' title='bbox 571 5145 678 5198; x_wconf 69' lang='lat' dir='ltr'><strong>Boeotus</strong></span> <span class='ocrx_word' id='word_1_384' title='bbox 689 5148 805 5200; x_wconf 82' lang='lat' dir='ltr'><strong>humavit</strong></span> 
     </span>
     <span class='ocr_line' id='line_1_69' title="bbox 216 5223 721 5294; baseline 0.016 -20"><span class='ocrx_word' id='word_1_385' title='bbox 216 5223 346 5291; x_wconf 78' lang='lat' dir='ltr'><strong>inrignem</strong></span> <span class='ocrx_word' id='word_1_386' title='bbox 359 5233 449 5278; x_wconf 78' lang='lat' dir='ltr'><strong>caneto</strong></span> <span class='ocrx_word' id='word_1_387' title='bbox 464 5234 569 5294; x_wconf 85' lang='lat' dir='ltr'><strong>pectore</strong></span> <span class='ocrx_word' id='word_1_388' title='bbox 582 5231 721 5282; x_wconf 88' lang='lat' dir='ltr'><strong>Peneleon.</strong></span> 
     </span>
    </p>
   </div>
   <div class='ocr_carea' id='block_1_40' title="bbox 1028 3792 1587 3868">
    <p class='ocr_par' dir='ltr' id='par_1_40' title="bbox 1028 3792 1587 3868">
     <span class='ocr_line' id='line_1_70' title="bbox 1028 3792 1587 3868; baseline -0.007 -18"><span class='ocrx_word' id='word_1_389' title='bbox 1028 3794 1140 3868; x_wconf 88' lang='lat' dir='ltr'><strong>Ajacem</strong></span> <span class='ocrx_word' id='word_1_390' title='bbox 1154 3793 1286 3851; x_wconf 89' lang='lat' dir='ltr'><strong>Oilindem</strong></span> <span class='ocrx_word' id='word_1_391' title='bbox 1299 3792 1326 3850; x_wconf 91' lang='lat' dir='ltr'><strong>in</strong></span> <span class='ocrx_word' id='word_1_392' title='bbox 1341 3799 1426 3867; x_wconf 91' lang='lat' dir='ltr'><strong>ponto</strong></span> <span class='ocrx_word' id='word_1_393' title='bbox 1441 3799 1587 3850; x_wconf 88' lang='lat' dir='ltr'><strong>mortuum.</strong></span> 
     </span>
    </p>
   </div>
   <div class='ocr_carea' id='block_1_41' title="bbox 1069 3947 1677 4017">
    <p class='ocr_par' dir='ltr' id='par_1_41' title="bbox 1069 3947 1677 4017">
     <span class='ocr_line' id='line_1_71' title="bbox 1069 3947 1677 4017; baseline -0.008 -17"><span class='ocrx_word' id='word_1_394' title='bbox 1069 3947 1113 4000; x_wconf 78' lang='lat'><strong>57.</strong></span> <span class='ocrx_word' id='word_1_395' title='bbox 1129 3951 1214 4017; x_wconf 86' lang='lat' dir='ltr'><strong>Super</strong></span> <span class='ocrx_word' id='word_1_396' title='bbox 1228 3951 1392 4016; x_wconf 83' lang='lat' dir='ltr'><strong>Elephenore</strong></span> <span class='ocrx_word' id='word_1_397' title='bbox 1406 3947 1434 3999; x_wconf 89' lang='lat' dir='ltr'><strong>in</strong></span> <span class='ocrx_word' id='word_1_398' title='bbox 1448 3947 1551 3999; x_wconf 77' lang='lat' dir='ltr'><strong>Troade</strong></span> <span class='ocrx_word' id='word_1_399' title='bbox 1566 3947 1677 4013; x_wconf 74' lang='lat' dir='ltr'><strong>sepulto.</strong></span> 
     </span>
    </p>
   </div>
   <div class='ocr_carea' id='block_1_42' title="bbox 996 4069 1757 4234">
    <p class='ocr_par' dir='ltr' id='par_1_42' title="bbox 996 4069 1757 4234">
     <span class='ocr_line' id='line_1_72' title="bbox 996 4069 1757 4149; baseline -0.013 -16"><span class='ocrx_word' id='word_1_400' title='bbox 996 4076 1049 4145; x_wconf 86' lang='lat' dir='ltr'><strong>Qui</strong></span> <span class='ocrx_word' id='word_1_401' title='bbox 1068 4075 1158 4134; x_wconf 85' lang='lat' dir='ltr'><strong>insula</strong></span> <span class='ocrx_word' id='word_1_402' title='bbox 1177 4075 1211 4134; x_wconf 82' lang='lat' dir='ltr'><strong>ab</strong></span> <span class='ocrx_word' id='word_1_403' title='bbox 1235 4076 1339 4134; x_wconf 85' lang='lat' dir='ltr'><strong>Euboea</strong></span> <span class='ocrx_word' id='word_1_404' title='bbox 1361 4073 1444 4145; x_wconf 87' lang='lat' dir='ltr'><strong>venit,</strong></span> <span class='ocrx_word' id='word_1_405' title='bbox 1466 4073 1639 4149; x_wconf 86' lang='lat' dir='ltr'><strong>Elephenora</strong></span> <span class='ocrx_word' id='word_1_406' title='bbox 1659 4069 1757 4126; x_wconf 89' lang='lat' dir='ltr'><strong>ducem</strong></span> 
     </span>
     <span class='ocr_line' id='line_1_73' title="bbox 1597 4159 1757 4234; baseline -0.019 -18"><span class='ocrx_word' id='word_1_407' title='bbox 1597 4159 1757 4234; x_wconf 69' lang='lat' dir='ltr'><strong>[Abautum</strong></span> 
     </span>
    </p>
   </div>
   <div class='ocr_carea' id='block_1_43' title="bbox 1030 4247 1706 4312">
    <p class='ocr_par' dir='ltr' id='par_1_43' title="bbox 1030 4247 1706 4312">
     <span class='ocr_line' id='line_1_74' title="bbox 1030 4247 1706 4312; baseline -0.01 -1"><span class='ocrx_word' id='word_1_408' title='bbox 1030 4256 1076 4311; x_wconf 88' lang='lat' dir='ltr'><strong>hle</strong></span> <span class='ocrx_word' id='word_1_409' title='bbox 1089 4254 1117 4311; x_wconf 90' lang='lat' dir='ltr'><strong>iu</strong></span> <span class='ocrx_word' id='word_1_410' title='bbox 1128 4253 1234 4312; x_wconf 80' lang='lat' dir='ltr'><strong>Troade</strong></span> <span class='ocrx_word' id='word_1_411' title='bbox 1250 4253 1341 4311; x_wconf 83' lang='lat' dir='ltr'><strong>letalia</strong></span> <span class='ocrx_word' id='word_1_412' title='bbox 1355 4251 1417 4310; x_wconf 79' lang='lat' dir='ltr'><strong>vitm</strong></span> <span class='ocrx_word' id='word_1_413' title='bbox 1432 4250 1562 4310; x_wconf 80' lang='lat' dir='ltr'><strong>terminus</strong></span> <span class='ocrx_word' id='word_1_414' title='bbox 1576 4247 1706 4306; x_wconf 89' lang='lat' dir='ltr'><strong>inhibuit.</strong></span> 
     </span>
    </p>
   </div>
   <div class='ocr_carea' id='block_1_44' title="bbox 994 4582 1759 5228">
    <p class='ocr_par' dir='ltr' id='par_1_44' title="bbox 994 4582 1759 5228">
     <span class='ocr_line' id='line_1_75' title="bbox 1160 4582 1593 4650; baseline -0.012 -14"><span class='ocrx_word' id='word_1_415' title='bbox 1160 4589 1201 4638; x_wconf 73' lang='lat'><strong>55.</strong></span> <span class='ocrx_word' id='word_1_416' title='bbox 1220 4588 1259 4637; x_wconf 83' lang='lat' dir='ltr'><strong>De</strong></span> <span class='ocrx_word' id='word_1_417' title='bbox 1270 4584 1416 4650; x_wconf 80' lang='lat' dir='ltr'><strong>Ascalapho</strong></span> <span class='ocrx_word' id='word_1_418' title='bbox 1428 4587 1454 4634; x_wconf 85' lang='lat' dir='ltr'><strong>et</strong></span> <span class='ocrx_word' id='word_1_419' title='bbox 1465 4582 1593 4634; x_wconf 80' lang='lat' dir='ltr'><strong>lalmeno.</strong></span> 
     </span>
     <span class='ocr_line' id='line_1_76' title="bbox 994 4673 1759 4745; baseline -0.01 -15"><span class='ocrx_word' id='word_1_420' title='bbox 994 4679 1169 4745; x_wconf 75' lang='lat' dir='ltr'><strong>Ascalaphus,</strong></span> <span class='ocrx_word' id='word_1_421' title='bbox 1184 4678 1273 4744; x_wconf 87' lang='lat' dir='ltr'><strong>rapuit</strong></span> <span class='ocrx_word' id='word_1_422' title='bbox 1287 4692 1364 4744; x_wconf 88' lang='lat' dir='ltr'><strong>quern</strong></span> <span class='ocrx_word' id='word_1_423' title='bbox 1378 4675 1469 4742; x_wconf 88' lang='lat' dir='ltr'><strong>Troja‚</strong></span> <span class='ocrx_word' id='word_1_424' title='bbox 1484 4685 1510 4727; x_wconf 86' lang='lat' dir='ltr'><strong>et</strong></span> <span class='ocrx_word' id='word_1_425' title='bbox 1522 4673 1669 4733; x_wconf 76' lang='lat' dir='ltr'><strong>lulmenue,</strong></span> <span class='ocrx_word' id='word_1_426' title='bbox 1682 4673 1759 4724; x_wconf 88' lang='lat' dir='ltr'><strong>ambo</strong></span> 
     </span>
     <span class='ocr_line' id='line_1_77' title="bbox 1028 4759 1757 4831; baseline -0.012 -16"><span class='ocrx_word' id='word_1_427' title='bbox 1028 4763 1160 4831; x_wconf 87' lang='lat' dir='ltr'><strong>quondam</strong></span> <span class='ocrx_word' id='word_1_428' title='bbox 1172 4762 1283 4829; x_wconf 73' lang='lat' dir='ltr'><strong>equites,</strong></span> <span class='ocrx_word' id='word_1_429' title='bbox 1293 4761 1410 4826; x_wconf 79' lang='lat' dir='ltr'><strong>Minybm</strong></span> <span class='ocrx_word' id='word_1_430' title='bbox 1420 4775 1488 4811; x_wconf 90' lang='lat' dir='ltr'><strong>nunc</strong></span> <span class='ocrx_word' id='word_1_431' title='bbox 1497 4760 1659 4811; x_wconf 89' lang='lat' dir='ltr'><strong>tumulantur</strong></span> <span class='ocrx_word' id='word_1_432' title='bbox 1669 4759 1757 4807; x_wconf 89' lang='lat' dir='ltr'><strong>humo.</strong></span> 
     </span>
     <span class='ocr_line' id='line_1_78' title="bbox 1078 4866 1676 4942; baseline -0.018 -15"><span class='ocrx_word' id='word_1_433' title='bbox 1078 4878 1120 4928; x_wconf 76' lang='grc'><strong>56.</strong></span> <span class='ocrx_word' id='word_1_434' title='bbox 1131 4878 1169 4927; x_wconf 81' lang='lat' dir='ltr'><strong>De</strong></span> <span class='ocrx_word' id='word_1_435' title='bbox 1182 4876 1263 4942; x_wconf 80' lang='lat' dir='ltr'><strong>Ajocc</strong></span> <span class='ocrx_word' id='word_1_436' title='bbox 1279 4873 1344 4925; x_wconf 79' lang='grc' dir='ltr'>Οῐίει·</span> <span class='ocrx_word' id='word_1_437' title='bbox 1354 4874 1405 4924; x_wconf 82' lang='lat' dir='ltr'><strong>rito</strong></span> <span class='ocrx_word' id='word_1_438' title='bbox 1418 4873 1447 4923; x_wconf 79' lang='lat' dir='ltr'><strong>in</strong></span> <span class='ocrx_word' id='word_1_439' title='bbox 1457 4873 1566 4938; x_wconf 74' lang='lat' dir='ltr'><strong>Mycono</strong></span> <span class='ocrx_word' id='word_1_440' title='bbox 1579 4866 1676 4920; x_wconf 79' lang='lat' dir='ltr'><strong>insula.</strong></span> 
     </span>
     <span class='ocr_line' id='line_1_79' title="bbox 996 4961 1736 5034; baseline -0.015 -13"><span class='ocrx_word' id='word_1_441' title='bbox 996 4972 1053 5022; x_wconf 86' lang='lat' dir='ltr'><strong>Hac</strong></span> <span class='ocrx_word' id='word_1_442' title='bbox 1071 4977 1112 5022; x_wconf 82' lang='lat' dir='ltr'><strong>eat</strong></span> <span class='ocrx_word' id='word_1_443' title='bbox 1124 4977 1209 5021; x_wconf 83' lang='lat' dir='ltr'><strong>tectna</strong></span> <span class='ocrx_word' id='word_1_444' title='bbox 1223 4970 1313 5031; x_wconf 88' lang='lat' dir='ltr'><strong>humo,</strong></span> <span class='ocrx_word' id='word_1_445' title='bbox 1327 4983 1404 5034; x_wconf 89' lang='lat' dir='ltr'><strong>quem</strong></span> <span class='ocrx_word' id='word_1_446' title='bbox 1414 4981 1484 5018; x_wconf 79' lang='lat' dir='ltr'><strong>erere</strong></span> <span class='ocrx_word' id='word_1_447' title='bbox 1497 4971 1645 5030; x_wconf 81' lang='lat' dir='ltr'><strong>peremerat</strong></span> <span class='ocrx_word' id='word_1_448' title='bbox 1657 4961 1736 5022; x_wconf 84' lang='lat' dir='ltr'><strong>undu,</strong></span> 
     </span>
     <span class='ocr_line' id='line_1_80' title="bbox 1029 5051 1498 5122; baseline -0.013 -16"><span class='ocrx_word' id='word_1_449' title='bbox 1029 5055 1096 5122; x_wconf 86' lang='lat' dir='ltr'><strong>Ajar</strong></span> <span class='ocrx_word' id='word_1_450' title='bbox 1110 5055 1254 5107; x_wconf 86' lang='lat' dir='ltr'><strong>Locrorum</strong></span> <span class='ocrx_word' id='word_1_451' title='bbox 1267 5054 1360 5104; x_wconf 87' lang='lat' dir='ltr'><strong>ductor</strong></span> <span class='ocrx_word' id='word_1_452' title='bbox 1373 5051 1498 5103; x_wconf 80' lang='lat' dir='ltr'><strong>Olleltlee.</strong></span> 
     </span>
     <span class='ocr_line' id='line_1_81' title="bbox 1131 5157 1626 5228; baseline -0.018 -14"><span class='ocrx_word' id='word_1_453' title='bbox 1131 5165 1172 5215; x_wconf 77' lang='lat' dir='ltr'><strong>bl.</strong></span> <span class='ocrx_word' id='word_1_454' title='bbox 1191 5165 1230 5214; x_wconf 84' lang='lat' dir='ltr'><strong>lle</strong></span> <span class='ocrx_word' id='word_1_455' title='bbox 1241 5161 1401 5228; x_wconf 78' lang='lat' dir='ltr'><strong>Elephenore</strong></span> <span class='ocrx_word' id='word_1_456' title='bbox 1413 5159 1463 5210; x_wconf 83' lang='grc' dir='ltr'>είίο</span> <span class='ocrx_word' id='word_1_457' title='bbox 1479 5159 1507 5209; x_wconf 79' lang='grc' dir='ltr'>ι’νι</span> <span class='ocrx_word' id='word_1_458' title='bbox 1520 5157 1626 5207; x_wconf 79' lang='lat' dir='ltr'><strong>Troade.</strong></span> 
     </span>
    </p>
   </div>
   <div class='ocr_carea' id='block_1_45' title="bbox 998 5251 1682 5404">
    <p class='ocr_par' dir='ltr' id='par_1_45' title="bbox 998 5251 1682 5404">
     <span class='ocr_line' id='line_1_82' title="bbox 998 5251 1682 5322; baseline -0.018 -11"><span class='ocrx_word' id='word_1_459' title='bbox 998 5260 1076 5311; x_wconf 79' lang='lat' dir='ltr'><strong>Ortus</strong></span> <span class='ocrx_word' id='word_1_460' title='bbox 1091 5260 1124 5309; x_wconf 89' lang='lat' dir='ltr'><strong>ab</strong></span> <span class='ocrx_word' id='word_1_461' title='bbox 1138 5257 1239 5308; x_wconf 84' lang='lat' dir='ltr'><strong>Euboea</strong></span> <span class='ocrx_word' id='word_1_462' title='bbox 1251 5255 1372 5322; x_wconf 85' lang='lat' dir='ltr'><strong>princepe</strong></span> <span class='ocrx_word' id='word_1_463' title='bbox 1386 5251 1536 5318; x_wconf 83' lang='lat' dir='ltr'><strong>Elephenor</strong></span> <span class='ocrx_word' id='word_1_464' title='bbox 1546 5251 1682 5306; x_wconf 83' lang='lat' dir='ltr'><strong>Abunturu·</strong></span> 
     </span>
     <span class='ocr_line' id='line_1_83' title="bbox 1032 5335 1617 5404; baseline -0.021 -9"><span class='ocrx_word' id='word_1_465' title='bbox 1032 5345 1057 5395; x_wconf 92' lang='lat' dir='ltr'><strong>in</strong></span> <span class='ocrx_word' id='word_1_466' title='bbox 1072 5341 1120 5394; x_wconf 92' lang='lat' dir='ltr'><strong>tibi</strong></span> <span class='ocrx_word' id='word_1_467' title='bbox 1133 5341 1228 5400; x_wconf 74' lang='lat' dir='ltr'><strong>vicina,</strong></span> <span class='ocrx_word' id='word_1_468' title='bbox 1240 5337 1332 5404; x_wconf 84' lang='lat' dir='ltr'><strong>Troja,</strong></span> <span class='ocrx_word' id='word_1_469' title='bbox 1346 5337 1463 5402; x_wconf 79' lang='lat' dir='ltr'><strong>sepultus</strong></span> <span class='ocrx_word' id='word_1_470' title='bbox 1475 5335 1554 5384; x_wconf 91' lang='lat' dir='ltr'><strong>humo</strong></span> <span class='ocrx_word' id='word_1_471' title='bbox 1569 5341 1617 5384; x_wconf 84' lang='lat' dir='ltr'><strong>eet.</strong></span> 
     </span>
    </p>
   </div>
   <div class='ocr_carea' id='block_1_46' title="bbox 0 0 2036 6018">
    <p class='ocr_par' dir='ltr' id='par_1_46' title="bbox 0 0 2036 6018">
     <span class='ocr_line' id='line_1_84' title="bbox 0 0 2036 6018; baseline 0 0"><span class='ocrx_word' id='word_1_472' title='bbox 0 0 2036 6018; x_wconf 95' lang='lat' dir='ltr'><strong> </strong></span> 
     </span>
    </p>
   </div>
  </div>
 </body>
</html>
