4116 6022
305 395 362 454 666
468 407 471 412 “

305 521 409 572 edidere
429 522 503 572 multi
526 539 533 572 :
557 524 657 589 dequo
683 523 734 575 vid.
755 523 925 576 Walcltenar.
946 523 1061 575 Diatrib.

304 589 425 652 Euripid.
440 605 466 653 p.
482 589 522 639 66.
541 615 572 626 -
584 590 630 638 Va.
650 591 674 640 1.
689 589 756 638 Cod.
773 589 853 638 habet
871 591 896 641 ίν
914 595 1001 657 Χρυσῄ
1014 604 1063 654 pro

305 653 398 718 quibus
409 652 495 704 verbis
505 661 589 704 metro
598 653 795 705 adversantibus
803 653 944 706 Triclinius
953 662 1062 715 rectam,

305 727 333 769 ut
349 719 460 778 videtur,
481 718 640 783 scripturam
661 718 778 784 reposuit
797 721 908 784 Χρύσης,
928 720 998 786 quod
1015 718 1064 772 tti-

305 799 389 834 nertsr
403 797 549 847 cognomen
559 791 599 836 ast
607 790 634 835 et
647 785 716 850 apud
728 784 893 836 Scholiasteu
907 785 941 837 ad
952 785 1062 838 Ρίιίίοιί.

305 865 341 900 ts.
360 850 416 910 191,
435 857 461 901 et
478 849 547 928 apud
564 851 684 901 Eustath.
702 865 729 916 p.
748 851 806 908 666,
827 853 868 901 11.
887 851 995 902 Lemma
1012 851 1063 902 boo

303 915 405 1032 gatgrh:
424 918 465 1031 lsllr
481 931 522 966 τον
540 917 694 976 Φιλοκτήτην
713 917 876 980 Σοφοκλέους,
896 917 979 982 Sopb.
997 916 1062 968 edit.

331 1017 337 1030 .
371 996 476 1032 cuer.

335 1111 414 1162 XCII.
427 1111 496 1162 Bibl.
509 1111 632 1162 Laurent.
643 1111 702 1162 cod.
715 1126 755 1175 gr.
768 1126 832 1162 mss.
848 1111 913 1176 plut.
925 1111 992 1173 LIX,
1003 1111 1061 1162 cod.

303 1177 384 1226 XVII.
402 1198 413 1222 ν
427 1177 573 1228 Occurrunt
586 1176 771 1242 inscriptiones
785 1177 904 1242 quasdam
971 1193 1009 1228 ce
1022 1176 1062 1227 in·

304 1249 385 1292 sentes
398 1241 534 1302 Sardibus,
549 1241 574 1292 in
588 1244 701 1293 Pboosaa
714 1241 811 1304 Ionica,
824 1241 849 1292 in
861 1241 921 1294 insu
931 1259 948 1295 a
959 1243 1024 1294 Chio
1037 1249 1064 1292 et

304 1307 421 1358 Athenis.
445 1327 458 1354 ο
480 1309 594 1360 Bandin.
615 1309 735 1360 Eduntur
754 1323 798 1373 pp.
823 1309 930 1360 att-582
953 1324 961 1362 τ
982 1310 1063 1360 bocca

303 1372 388 1438 epigr.
400 1374 424 1423 X
436 1381 485 1424 eet.
498 1401 529 1412 -
543 1375 590 1424 Vs.
605 1376 628 1425 1.
642 1373 748 1424 mutilus
762 1389 769 1424 τ
781 1373 855 1424 ἀνατί
865 1377 972 1426 terbum
982 1374 1061 1440 quod,

303 1439 414 1504 exempli
432 1453 522 1498 cauea,
537 1439 722 1504 supplevimus.
739 1467 770 1477 -
788 1440 835 1490 Vs.
854 1441 1063 1490 aroannam

303 1503 381 1555 dubie
403 1505 564 1572 λριστὲυιτος
575 1503 728 1570 scripserat,
739 1511 769 1556 ut
782 1519 852 1570 ssepe
867 1505 964 1556 lactum
981 1513 1022 1558 est
1035 1505 1063 1554 in

303 1568 436 1686 ³¹¹⁸{iipqst'
454 1569 563 1622 serioris
579 1570 674 1622 artatis.
693 1569 754 1622 Vid.
774 1569 853 1636 Corp.
871 1577 891 1620 t.
905 1573 938 1632 ll,
956 1586 984 1636 p.
1003 1571 1061 1632 111,

304 1651 329 1685 u.
379 1639 394 1686 9
422 1651 447 1696 ο,
462 1638 488 1686 2.

336 1775 426 1826 XCIII.
439 1774 516 1840 Apud
530 1775 655 1840 Stephan.
671 1775 778 1837 Ityraei.
791 1788 813 1825 s.
826 1789 851 1826 τ.
864 1775 937 1838 Δίους
949 1773 1063 1826 servarit

304 1849 330 1890 et
337 1841 488 1892 Eustathius
496 1841 534 1892 ad
540 1841 643 1892 Homer.
655 1855 681 1904 p.
690 1841 748 1900 666,
757 1837 839 1900 ιιδίἤν
849 1841 875 1890 δι’
882 1857 911 1900 γι
917 1843 973 1900 nint
983 1840 1061 1905 qued,

304 1921 452 1972 quanquam
461 1907 627 1958 scribendum
640 1905 763 1959 censebat
771 1907 851 1970 πίνης.
866 1905 1012 1957 Bmuckius
1023 1911 1062 1956 ta·

304 1987 364 2022 men
375 1980 520 2038 receperat.

337 2101 426 2154 XCIV.
440 2103 491 2167 Ap.
507 2102 642 2154 Sotionem
655 2103 688 2154 de
698 2101 870 2154 Fluminibus.
884 2103 966 2162 XXV,
980 2111 1007 2153 et
1017 2101 1063 2154 Vi·

304 2175 371 2220 trus.
389 2169 426 2218 lle
438 2169 577 2220 Architecl.
590 2169 659 2228 VIII,
675 2169 699 2218 6.
713 2195 745 2206 -
759 2167 875 2220 Sotionis
888 2171 968 2219 rerba
981 2175 1042 2220 sunt
1055 2184 1062 2218 ι

311 2235 425 2301 Ἀρίστων
437 2234 464 2284 di
476 2235 490 2284 δ
501 2235 689 2299 repraesentetur
700 2235 831 2298 φιλόσοφος
841 2237 866 2284 1ν
877 2241 905 2300 τῇ
918 2236 974 2299 atq
984 2235 1064 2298 πηγήν

304 2317 375 2364 φησιν
393 2299 482 2356 ὕδατος
504 2293 575 2358 sisar,
593 2301 635 2356 δα·
649 2293 679 2360 ἧς
695 2301 753 2356 τοὺς
769 2299 884 2357 πίνοντας
901 2301 1065 2358 ἐιναισδὴτους

303 2366 409 2429 γίνισδαι
423 2367 475 2421 ταῖς
486 2367 583 2431 ψυχαῖς·
598 2361 660 2416 siuet
671 2365 698 2418 δέ
712 2367 754 2416 atti
765 2365 804 2416 6πέ
817 2366 907 2426 ταύτης
923 2367 1062 2433 ἐπίγραμμα

303 2433 408 2482 τοιόνδε·
427 2431 520 2480 'Ildum
533 2466 540 2481 .
552 2467 559 2482 .
576 2459 607 2470 -
619 2431 732 2482 Vitrusii
744 2445 751 2480 :
804 2431 853 2483 illst
865 2431 892 2482 iu
902 2430 989 2484 insula
997 2432 1062 2483 Chic

304 2498 372 2558 lons,
383 2512 399 2547 e
412 2511 463 2562 qua
475 2496 520 2561 qui
532 2496 711 2562 imprudenter
725 2497 848 2556 biberint,
861 2498 927 2548 dunt
940 2496 1065 2563 insipieu-

305 2573 354 2622 tes,
369 2569 396 2612 et
411 2561 449 2614 ibi
464 2569 505 2612 est
519 2561 682 2628 epigramma
696 2563 854 2628 insculptum
868 2577 900 2614 ea
911 2563 1062 2614 nutantia:

304 2629 451 2680 Iucundum
468 2642 521 2679 este
534 2630 667 2693 potionem
680 2628 764 2692 [ontis
776 2630 843 2694 ejus,
854 2629 902 2680 sed
910 2629 957 2696 put·
971 2629 1065 2681 diderit

304 2709 394 2744 sauros
413 2693 564 2746 habiturum
586 2708 683 2744 tensus.
705 2693 772 2744 Sunt
791 2703 878 2745 autem
898 2709 989 2744 sersus
1007 2693 1035 2744 hi
1057 2711 1063 2744 :

312 2761 397 2810 ‘lldtiot
409 2761 546 2824 ψυχροῑο...
561 2759 684 2810 Exhibuit
703 2757 840 2825 lienagius
855 2758 883 2809 in
901 2759 1021 2811 Obseruu.
1037 2759 1064 2811 in

306 2825 393 2875 baert.
406 2825 463 2884 Vll,
478 2841 504 2890 p.
520 2827 576 2886 196,
590 2840 649 2876 cum
661 2826 712 2876 hac
724 2825 859 2890 Salsagnii
872 2823 992 2876 versione
1006 2843 1013 2876 τ

336 2921 482 2972 Iucundum
497 2919 591 2985 gelida
604 2921 709 2971 laticem
723 2919 782 2970 lons
794 2919 899 2986 pro'ioit
908 2919 986 2972 nuda
1002 2936 1009 2971 :

371 2994 413 3036 aet
426 2985 528 3037 animus
539 2985 605 3046 saxi,
617 2985 639 3036 si
652 2985 730 3045 bibis,
746 2984 831 3037 instar
875 2987 929 3038 bet.

306 3115 336 3125 -
350 3087 395 3137 Vs.
410 3089 434 3136 1.
448 3087 575 3137 ἀνασίλλιι
587 3094 614 3136 et
625 3085 682 3150 ipse
695 3083 853 3149 wesseling.
866 3083 986 3137 Obsercu.
1001 3088 1066 3150 1.11,

306 3167 350 3212 xx,
366 3167 418 3203 non
430 3149 460 3212 ἢν
473 3153 604 3214 evacuate,
621 3159 650 3202 ut
661 3149 724 3202 dixit
736 3151 842 3202 Jacobs.
858 3171 871 3199 s
890 3151 958 3202 Nam
974 3153 1065 3218 tulga-

307 3226 362 3268 tum
384 3215 414 3279 ἧν
433 3220 552 3284 decemp
571 3220 660 3280 πηγὴν,
680 3215 718 3266 ait
734 3215 789 3277 ille,
811 3215 920 3293 quisque
938 3217 988 3268 boc
1007 3219 1066 3270 loco

308 3285 432 3348 languere
450 3291 477 3334 et
493 3284 571 3349 plane
590 3283 692 3334 elumbe
710 3297 768 3333 asse
786 3283 978 3334 animadvertit.
997 3303 1010 3330 a
1031 3285 1067 3336 At

307 3357 385 3399 antea
399 3348 544 3400 Salmasius
559 3349 702 3414 scripserat
715 3349 834 3413 stiparet.
848 3363 878 3398 cx
891 3349 994 3400 schedis
1004 3351 1067 3402 Fra·

307 3413 1065 3546 '‘ili'l‘ibiiiiil,”32²⁸rll.i¹'l‘.l'¹hl'iiiiii·

307 3509 338 3518 -
393 3517 399 3530 ,
436 3516 442 3530 ,
1043 3503 1065 3542 q

306 3546 352 3597 sed
366 3547 434 3612 apud
448 3545 581 3598 Sotionem
596 3555 636 3596 est
651 3547 734 3606 τηοδι.

339 3685 418 3736 XCV.
441 3687 477 3736 Ex
497 3687 593 3736 Athen.
611 3687 645 3745 X,
668 3702 694 3752 p.
717 3687 765 3735 116
785 3685 886 3751 recepit
903 3686 1019 3740 Brunck.
1039 3687 1067 3739 in

307 3751 384 3802 Attal.
397 3753 430 3811 ll,
439 3753 480 3810 66,
489 3749 625 3828 editlips.
636 3753 669 3810 II,
680 3753 711 3801 66
722 3750 784 3814 (vid.
794 3752 900 3802 Jacobs.
910 3751 1064 3805 Δπίπιαιίυο.

308 3818 374 3878 t.11,
389 3819 420 3867 P.
435 3818 456 3876 l,
474 3833 500 3882 p.
517 3820 575 3881 196)
586 3833 614 3866 ιιι
626 3816 732 3867 Acthei.
747 3817 820 3868 Hier.
834 3817 930 3868 Boscb.
945 3820 1064 3870 Manliae.

307 3884 340 3942 ll,
357 3884 398 3934 lt.
410 3883 474 3933 Cum
484 3884 534 3932 hoc
545 3883 667 3933 lemmate
678 3884 718 3938 Et:
730 3884 772 3932 τὸν
784 3885 886 3934 Μίλωνα
897 3885 938 3932 τὸν
951 3887 1065 3944 ἀθλητήν,

307 3956 335 4000 et
348 3948 376 4000 in
390 3950 496 3999 Jacobs.
513 3949 633 4014 Appmd.
651 3949 693 3998 20.
715 3947 878 3998 Athenaeus:
896 3949 1025 4017 Φύλαρχος
1040 3952 1067 4000 bt

308 4033 379 4079 φησιν
392 4015 417 4064 ἐν
428 4015 534 4086 crispin]
541 4016 590 4062 τῶν
609 4013 744 4079 Ἰστοριῶν,
755 4014 797 4063 τὸν
809 4015 912 4064 Μίλωνα
924 4021 1014 4080 ταῦρον
1026 4033 1068 4066 αα-

307 4081 423 4146 ταφαγιῑν
436 4081 610 4131 τιατααλιίιίντα
619 4081 667 4145 πρὸ
682 4077 726 4129 τοῦ
741 4077 828 4144 βωμοῦ
842 4078 887 4130 τοῦ
899 4081 964 4137 Διός·
978 4081 1014 4130 διὸ
1026 4081 1067 4130 καί

306 4149 407 4206 ποιῆσαι
418 4147 451 4202 τίς
464 4145 537 4196 αὐτὸν
553 4146 649 4220 Δωριία
660 4145 703 4194 τὸν
714 4149 816 4204 ποιητὴν
828 4147 894 4196 τάδε·
909 4148 982 4201 ’ίόῑος
992 4145 1065 4207 ἔην...

308 4209 1065 4278 PartemepigrammattshujuacitatEustathiusadOdyss.

309 4293 334 4342 p.
353 4279 411 4336 266,
429 4278 460 4328 68
480 4278 563 4342 :lltpi
581 4277 607 4326 bt
623 4279 734 4332 Μῦωνος
751 4275 795 4326 τοῦ
814 4278 989 4342 Κροτωνιάτου
1008 4279 1066 4341 φησί

308 4343 425 4406 Δωριεὺς,
440 4345 487 4400 ὅτι,
499 4339 526 4392 δν
542 4342 681 4404 ίπὸμπουσι
695 4345 764 4406 βοῦν,
778 4343 812 4398 τίς
828 4344 890 4407 spic
903 4343 973 4392 τόνδι
988 4345 1067 4406 κόψας

307 4407 463 4524 ποίνταΒιιατ1
484 4402 529 4460 οὖν
552 4406 643 4473 μοῗονος
668 4408 781 4458 ἐδαίσατό
800 4426 845 4459 νιν.
868 4433 900 4446 -
921 4407 959 4458 Cf.
981 4409 1064 4460 Solin.

339 4605 429 4656 XCVI.
444 4604 597 4656 Vindobona·
611 4604 737 4658 asservati
749 4604 856 4670 hujusce
867 4604 963 4670 lapidis
976 4603 1005 4655 in
1016 4605 1068 4656 ccl·

309 4671 420 4722 lectione
433 4686 503 4722 mon.
517 4672 553 4722 ΛΕ
572 4671 669 4736 yptiac.
684 4670 819 4736 inscriptio
835 4671 907 4722 edita
920 4669 1000 4722 estin
1012 4671 1067 4722 Au·

308 4738 363 4789 nul.
379 4737 520 4788 vindobon.
538 4737 547 4803 (
581 4737 655 4787 iener
669 4737 834 4788 Jahrbucher
845 4735 1066 4801 Anneigebltter),

309 4813 327 4856 t.
354 4803 434 4866 XLV,
459 4804 533 4861 1669,
560 4818 585 4868 p.
613 4804 654 4852 66.
680 4802 813 4853 Tractatit
835 4803 978 4853 Hermann.
1001 4800 1065 4854 idid.

309 4877 328 4919 t.
341 4869 408 4928 LIV,
423 4870 495 4926 1661,
509 4883 535 4934 p.
551 4870 598 4920 669
611 4875 637 4919 et
649 4867 767 4932 Optucul.
780 4875 800 4916 t.
814 4868 859 4926 Vl,
873 4883 899 4932 p.
914 4869 970 4917 116.
984 4868 1068 4933 Repe·

309 4934 351 4986 tiit
362 4935 457 4986 Fraus.
472 4934 551 5000 corp.
566 4950 593 4984 n.
610 4935 671 4984 1961
690 4932 789 4983 atinde
807 4935 838 4982 G.
854 4931 959 4982 Kaibel.
974 4934 1065 4999 Fptgr.

308 5015 350 5066 gr.
367 5015 381 5051 e
397 5000 480 5065 lapid.
499 4998 606 5052 conlecl.
627 5001 700 5050 1619.
713 5027 744 5037 -
762 4998 905 5048 Hermanni
924 5006 950 5050 et
962 4999 1068 5050 Franrii

308 5065 440 5118 restitutio
453 5073 502 5117 ast.
518 5093 549 5104 -
564 5066 610 5116 Vs.
629 5067 654 5115 1.
671 5066 761 5114 Ηοτια.
776 5065 882 5128 legebat
894 5065 1011 5114 δτούιται
1025 5067 1067 5129 δρ-

309 5133 530 5197 1ιοςήχὴ,οινιι.
544 5133 627 5182 11-12.
640 5133 693 5181 θεὸν
707 5133 780 5192 δην-λυ
793 5157 822 5167 -
840 5131 975 5197 Ἁρμονίην.
989 5150 1002 5176 ιι
1015 5131 1066 5180 Ve-

309 5211 367 5248 rum
382 5213 419 5247 ts.
438 5200 476 5247 12.
492 5198 521 5249 in
532 5197 626 5250 litteris
644 5195 756 5249 residuis
775 5195 843 5246 idem
859 5211 954 5246 numan
966 5195 1067 5247 ridetur

756 394 1013 454 ANTHOLOGIAE
1032 395 1183 455 GllAECAE
1202 394 1426 456 APPIINDICIS

1116 524 1207 582 latere,
1224 523 1297 588 cujus
1313 539 1408 574 nomen
1421 522 1500 573 etiam
1519 523 1595 588 Cosp.
1613 521 1692 573 inser.
1709 537 1750 598 pr.
1766 537 1792 571 n.
1808 522 1872 572 1699

1115 589 1235 640 mutilum
1248 597 1297 648 est,
1355 589 1469 654 αρμάχιι,
1484 587 1529 638 ubi
1542 589 1589 638 has
1601 594 1662 638 aute
1672 586 1797 652 reliquias
1811 588 1872 638 Lea·

1115 655 1174 705 hius
1197 654 1247 705 sibi
1267 653 1337 705 visus
1360 661 1400 705 ast
1419 653 1516 704 vidisse
1537 652 1652 704 litteram
1668 653 1702 703 ad
1720 653 1829 703 Iormam
1849 656 1871 703 Φ

1116 719 1232 785 proxime
1247 719 1423 770 accedentem.
1443 739 1455 764 ι
1475 719 1520 768 Fr.
1534 745 1566 756 -
1584 739 1597 766 ι
1616 719 1694 768 Initio
1708 718 1872 768 Iiemsnnus

1115 785 1222 852 conjicit
1231 785 1307 850 plura
1316 783 1447 834 interiisse
1459 783 1485 834 iu
1501 783 1643 849 quibusvis
1654 782 1802 850 perniciose
1811 784 1871 834 belli

1116 851 1247 916 descripta
1256 849 1347 912 luerit,
1355 865 1432 915 quam
1440 849 1466 900 in
1474 849 1629 900 senteutiam
1638 865 1696 899 cunt
1707 848 1773 900 alios
1784 849 1872 900 afferri

1115 915 1217 968 urbium
1231 929 1380 966 arenarum
1394 913 1525 976 interitus,
1539 923 1594 966 tum
1605 916 1754 965 Thebarum
1768 930 1775 963 ι
1790 930 1871 980 neque

1116 982 1202 1048 inepte
1210 980 1280 1032 idem
1292 980 1392 1032 monuit
1402 979 1483 1030 videri
1492 980 1597 1031 titulum
1608 995 1639 1031 er
1648 980 1750 1046 porticu
1761 981 1870 1046 quadam

1117 1045 1245 1112 gymnasii
1263 1047 1375 1097 sortasse
1393 1044 1564 1098 Alexandrini
1581 1060 1649 1102 esse,
1669 1045 1720 1096 nisi
1739 1061 1770 1096 en
1789 1061 1827 1096 ts.
1847 1048 1871 1095 6.

1116 1112 1241 1179 conjicias
1252 1127 1311 1162 esse
1325 1127 1357 1162 ex
1372 1111 1513 1166 domicilio.
1529 1110 1618 1177 qualia
1631 1111 1721 1162 Eleusi
1734 1119 1762 1161 et
1775 1111 1871 1162 Cenobl

1116 1177 1234 1228 floruisse
1248 1176 1328 1230 tradit
1342 1177 1437 1229 Strabo
1448 1177 1529 1237 XVII,
1545 1177 1575 1228 C.
1588 1177 1610 1228 1.
1624 1193 1651 1242 p.
1665 1178 1723 1227 666.
1739 1195 1753 1222 a
1766 1177 1811 1226 Fr.
1825 1177 1871 1226 Cu·

1113 1243 1157 1308 jus
1169 1244 1250 1294 rerba
1259 1243 1316 1294 Iuec
1328 1251 1387 1294 sunt
1399 1259 1406 1294 ι
1417 1243 1469 1294 ient
1480 1242 1501 1292 δ’
1515 1241 1578 1302 αὕτη
1592 1243 1706 1294 κατοικία
1716 1243 1818 1303 πλησίον
1832 1245 1871 1302 ni:

1115 1326 1143 1360 τι
1164 1310 1342 1375 Ἀλοίανδριίας,
1351 1311 1392 1359 aei
1403 1312 1446 1368 τῆς
1457 1309 1612 1364 Νιτοπόλιως
1622 1307 1659 1358 ἐπ’
1668 1310 1730 1374 αὐτῇ
1742 1313 1771 1372 τῇ
1785 1312 1872 1358 Κανω-

1115 1376 1173 1446 dtas]
1189 1375 1288 1441 διώρυγι
1304 1377 1414 1438 ιιιιμίνη,
1431 1375 1523 1432 διαίτας
1537 1373 1630 1439 ίχουσα
1646 1373 1688 1424 acl
1705 1373 1807 1436 ὰπὸψιις
1824 1374 1873 1428 τοῖς

1115 1441 1252 1505 campitas
1271 1441 1428 1505 βουλομένοις
1441 1441 1482 1489 aci
1500 1439 1611 1505 dtdpdet,
1626 1440 1668 1488 ααέ
1680 1440 1796 1501 γυναιξίν,
1811 1441 1873 1505 δρχή

1115 1523 1151 1564 τις
1163 1504 1322 1569 mactet
1334 1505 1375 1554 sal
1386 1507 1428 1566 τῆς
1442 1505 1493 1556 lss'.
1504 1504 1633 1574 λαμυρίας.

1147 1647 1249 1700 xcvn.
1265 1649 1302 1700 lin
1318 1650 1431 1699 Peucen.
1447 1647 1467 1698 l.
1480 1647 1549 1708 VIII,
1563 1663 1608 1710 ιιι,
1622 1649 1647 1698 6.
1662 1646 1819 1700 Salmasium
1833 1663 1874 1698 se·

1115 1722 1190 1764 cutus
1208 1713 1341 1765 tribuebat
1358 1712 1504 1764 lirunclius
1525 1713 1628 1780 Alpheo
1648 1711 1806 1778 Mitylencro,
1827 1713 1874 1764 sed

1115 1780 1183 1830 unda
1199 1777 1344 1830 Salmasius
1357 1780 1407 1828 boc
1423 1794 1518 1828 nomen
1535 1780 1639 1839 hebeat,
1654 1779 1752 1830 frustra
1763 1779 1873 1844 qusesie·

1115 1844 1163 1895 ris.
1178 1865 1190 1890 ι
1202 1844 1292 1896 Αίοιαο
1303 1843 1434 1895 llessenio
1445 1843 1610 1896 tribuendum
1622 1860 1680 1896 esse
1692 1844 1873 1909 suspicabatur

1116 1909 1301 1962 Schneiderus.
1315 1909 1472 1974 Inscriptum
1487 1917 1545 1959 eret
1559 1919 1653 1960 statuae
1668 1910 1874 1974 Philopoemenis

1116 1977 1243 2041 Tegeae...
1256 1977 1416 2027 Prteclarum
1429 1974 1491 2025 belli
1504 1975 1595 2026 ducem
1606 1975 1688 2028 luisse
1700 1975 1874 2042 Philopoeme-

1116 2056 1185 2104 nem,
1201 2041 1323 2092 evincunt
1337 2041 1396 2092 duae
1414 2041 1446 2091 de
1465 2041 1565 2092 duobus
1581 2042 1684 2108 Spartta
1698 2043 1815 2106 tyrannis
1833 2058 1873 2092 re

1116 2106 1364 2223 pomataJicttgria.
1378 2107 1559 2158 Machanidam
1572 2114 1599 2157 et
1611 2107 1694 2158 Nabin
1709 2115 1785 2174 poeta
1797 2107 1874 2172 signi·

1135 2179 1188 2223 cat.
1202 2191 1215 2218 ο
1247 2187 1293 2224 ατο
1310 2188 1331 2223 s.

1149 2313 1264 2364 XCVIII.
1278 2313 1329 2378 Ap.
1346 2312 1516 2362 Plutarchum
1530 2309 1557 2361 iu
1575 2311 1634 2361 Vita
1650 2311 1777 2374 Marcelli,
1791 2314 1832 2374 66,
1845 2327 1875 2362 ex

1117 2377 1268 2430 Posidonio.
1292 2399 1305 2424 ι
1325 2377 1467 2427 Marcellus
1486 2375 1624 2427 consulatu
1645 2375 1750 2442 quidem
1771 2377 1874 2428 nonnisi

1117 2445 1255 2510 quinquies
1266 2443 1369 2494 iunctus
1380 2443 1802 2508 οτι,τλν611ιν66πατονάρχην,οίι
1813 2444 1874 2494 Plu·

1117 2510 1233 2570 berclaus,
1248 2507 1278 2570 ἣν
1290 2509 1325 2565 δίς
1339 2502 1405 2573 ἦρξε,
1416 2509 1467 2563 ταῖς
1477 2508 1549 2574 niusa
1558 2511 1805 2576 προσκατηρίθμησεν
1817 2511 1875 2558 ὓπα-

1117 2577 1191 2632 τοίαις
1202 2577 1216 2626 δ
1229 2575 1258 2625 τέ
1272 2576 1413 2640 ἐπίγραμμα
1425 2575 1538 2632 ποιήσας.
1555 2591 1568 2618 ν
1582 2574 1638 2624 luc.
1655 2600 1685 2610 -
1703 2575 1749 2623 l's.
1769 2577 1792 2623 1.
1805 2575 1874 2624 Non·

1117 2641 1192 2700 nulli,
1214 2647 1327 2690 testante
1345 2639 1489 2702 Stephano,
1508 2639 1592 2690 δστδτ.
1611 2665 1642 2676 -
1657 2639 1703 2688 Vs.
1722 2642 1747 2688 6.
1765 2639 1874 2696 Quidam

1117 2707 1225 2758 ὑπάτων.
1239 2704 1377 2756 Nonnullis
1387 2707 1412 2754 lv
1424 2705 1480 2768 οίρηι
1492 2703 1642 2768 significare
1653 2703 1756 2754 videtur
1765 2707 1792 2755 t'rt
1807 2707 1874 2755 llar-

1119 2773 1151 2823 lis
1166 2787 1265 2837 cumpo.
1285 2798 1315 2808 -
1329 2771 1377 2820 Vs.
1392 2771 1417 2820 1.
1431 2771 1470 2821 οἱα
1481 2771 1637 2824 emendabat
1651 2769 1776 2822 Reisltius
1791 2773 1876 2834 ιπάμ·

1116 2841 1191 2889 πολυν
1204 2837 1286 2888 δντιιτ.
1296 2829 1331 2892 τίς
1340 2838 1458 2902 serigent
1469 2853 1495 2900 φ.

1149 2977 1240 3028 XCIX.
1255 2976 1351 3027 Athen.
1365 2975 1435 3034 Xlll,
1448 2981 1512 3026 sect.
1524 2977 1565 3036 ³7,
1580 2991 1606 3041 p.
1618 2976 1666 3026 616
1678 2991 1684 3024 :
1698 2975 1735 3024 oo
1749 2975 1791 3024 ιιαέ
1804 2977 1878 3032 αὐτὸς

1118 3043 1286 3108 θιμιστοιιλῆς
1298 3042 1323 3098 tt
1336 3043 1433 3105 ίταίρας
1443 3036 1473 3100 lp
1487 3043 1656 3104 γιγινημίνος,
1670 3043 1751 3104 ὄνομα
1768 3042 1876 3107 nuere-

1117 3124 1177 3171 υου;
1190 3111 1223 3166 tt<
1237 3109 1399 3176 ’λμφιιιριίτης
1409 3109 1501 3174 tempti
1511 3107 1537 3156 ίν
1550 3109 1585 3172 τῷ
1595 3108 1655 3173 Ilspl
1669 3107 1770 3164 ἐνδόξων
1783 3109 1876 3174 ἀνδρῶν

1118 3175 1301 3242 συγγράμματι.

1151 3315 1181 3366 0.
1193 3314 1290 3366 Athen.
1305 3313 1374 3371 VIII,
1392 3319 1456 3363 sect.
1474 3313 1514 3372 11,
1535 3328 1560 3378 p.
1578 3313 1636 3362 366.
1650 3313 1700 3364 11αέ
1717 3315 1838 3378 Βακχίδας
1852 3313 1878 3363 δι’

1118 3399 1163 3440 τις,
1177 3381 1220 3430 τδν
1240 3381 1313 3430 αὐτὸν
1332 3379 1512 3443 Σαρδαναπάλῳ
1528 3381 1603 3436 ζήσας
1617 3381 1680 3441 βίον,
1697 3379 1824 3428 ἀποθανὼν
1841 3379 1878 3428 ἐπὶ

1118 3453 1163 3498 τοῦ
1176 3448 1256 3510 τάφου
1268 3445 1476 3509 ἐπιγεγραμμένον
1487 3444 1545 3510 ἔχει·
1561 3446 1618 3494 iltis
1630 3462 1655 3494 st.
1669 3461 1693 3493 τ.
1707 3445 1730 3494 λ.

1152 3587 1193 3637 01.
1206 3586 1245 3636 ils
1262 3584 1378 3644 Sotione,
1390 3585 1423 3636 de
1438 3583 1579 3635 Flumiuil.
1595 3583 1627 3634 P.
1641 3583 1669 3633 C.
1682 3589 1709 3633 et
1722 3582 1824 3634 Vitrut.
1839 3584 1877 3634 Ile

1118 3652 1258 3704 recurret.
1270 3651 1339 3711 VIII,
1350 3653 1364 3700 3
1376 3666 1383 3700 :
1394 3671 1407 3697 ιι
1415 3649 1499 3709 Susis,
1507 3649 1533 3699 in
1544 3664 1595 3714 qua
1603 3648 1707 3699 civitate
1717 3660 1758 3699 eet
1769 3665 1877 3716 regnum

1119 3718 1270 3776 Persarum,
1283 3715 1422 3767 fonticulus
1436 3723 1485 3774 est,
1501 3731 1532 3764 ex
1548 3729 1599 3780 quc
1612 3714 1657 3780 qui
1671 3714 1788 3765 biberint
1801 3715 1876 3766 amit·

1119 3790 1177 3834 tunt
1198 3782 1298 3833 dentes.
1321 3782 1386 3832 Item
1405 3781 1433 3832 in
1452 3796 1483 3832 eo
1501 3788 1542 3832 est
1560 3780 1686 3845 scriptum
1706 3780 1876 3846 epigramma,

1119 3849 1189 3914 quod
1209 3846 1340 3911 significat
1359 3848 1428 3897 hano
1448 3843 1603 3896 sententiam
1625 3863 1631 3895 ι
1656 3845 1798 3911 Egregium
1821 3863 1878 3897 esee

1119 3913 1425 4030 :tttttld‘tzltu
1439 3911 1571 4042 titel:
1591 3910 1878 4042 :ttltttttdtttt

1118 4045 1692 4173 eththa?:elt‘tttttlt‘ttttt
1703 4045 1877 4185 6666661

1119 4184 1190 4227 tasse
1211 4173 1377 4226 scribendum
1398 4176 1543 4239 αρηνὴιντα,
1562 4174 1688 4224 vocabulo
1709 4181 1747 4224 rba
1766 4175 1877 4225 formato

1119 4251 1148 4292 ut
1155 4241 1287 4305 stpq'evrc3
1297 4239 1367 4306 vulg.
1374 4242 1475 4291 Vitrut.
1485 4241 1579 4290 ‘'l‘dstc
1585 4237 1664 4291 ταῦτα
1673 4241 1767 4306 βλέποις
1774 4243 1876 4307 φοδιρὰ.

1152 4391 1204 4441 011.
1212 4389 1348 4454 ExSteplt.
1361 4388 1420 4452 Byr.
1431 4402 1453 4438 s.
1464 4405 1488 4439 t.
1500 4389 1584 4454 Ἀγρίου
1596 4403 1602 4438 t
1614 4389 1727 4451 λέγονται
1738 4387 1779 4437 ιιοι1
1788 4389 1879 4452 hepta-

1118 4473 1167 4514 νος,
1187 4459 1220 4512 ὡς
1238 4455 1262 4505 ἐν
1283 4457 1318 4518 τῷ
1340 4455 1504 4521 ἐπιγράμματι
1519 4455 1636 4520 γραφέντι
1652 4455 1686 4508 τίς
1707 4455 1878 4514 Νιοπτόλιμον

1118 4523 1219 4582 Πισίδην
1233 4521 1322 4578 οὕτως·
1340 4521 1395 4582 utut
1407 4538 1433 4570 ιι.
1448 4537 1471 4570 τ.
1488 4523 1511 4570 λ.
1525 4547 1557 4558 -
1567 4520 1613 4570 Vs.
1629 4523 1654 4570 1.
1669 4520 1755 4583 Vulgo
1767 4519 1793 4570 ἐν
1806 4519 1879 4568 nullo

1118 4603 1206 4640 seusu.
1220 4615 1250 4626 -
1260 4588 1306 4637 Vs.
1326 4587 1352 4636 2.
1366 4585 1444 4702 Vugg.
1460 4587 1528 4650 ἐμὸν,
1541 4586 1655 4636 Gronov.
1669 4585 1741 4648 ἐμοῦ.
1759 4611 1791 4622 -
1802 4584 1850 4635 Vs.
1864 4586 1879 4633 3

1119 4652 1330 4720 corruptissimus
1346 4649 1398 4702 inc
1433 4651 1459 4702 d.
1473 4655 1558 4714 (ουνια
1568 4669 1603 4700 ιον
1614 4653 1709 4708 meida:
1719 4649 1761 4701 sci
1773 4655 1829 4706 ᾶνις
1841 4649 1880 4710 ἡδ’

1119 4721 1243 4785 ἐγριᾶνας)
1255 4719 1392 4770 restitutus
1406 4723 1446 4768 est
1457 4731 1474 4768 a
1485 4715 1627 4770 Gronosio.

1152 4868 1217 4918 0111.
1234 4866 1324 4918 Edidit
1336 4883 1362 4916 v.
1381 4865 1415 4916 cl.
1437 4865 1602 4917 Cumaundes
1619 4864 1646 4916 in
1665 4863 1797 4915 Philistor.
1817 4870 1837 4913 t.
1856 4864 1879 4921 1.

1121 4950 1146 4998 p.
1164 4935 1220 4996 196,
1232 4948 1260 4983 n.
1272 4934 1297 4994 9,
1308 4947 1333 4982 a.
1346 4933 1419 4993 1661,
1429 4931 1473 4996 qui
1486 4937 1576 4982 monet
1586 4947 1619 4982 ne
1630 4929 1799 4982 Ammoqum
1810 4930 1881 4980 bunc

1120 4999 1249 5049 medicum
1263 5012 1310 5062 pro
1325 4997 1371 5048 illo
1385 4997 1468 5047 altero
1482 4996 1598 5060 accipias
1608 4995 1652 5062 qui
1664 4995 1705 5046 bis
1718 5003 1881 5046 memoretur

1120 5065 1189 5128 apud
1203 5064 1316 5124 Celsum,
1328 5064 1384 5122 Vll,
1396 5064 1475 5127 Pras.
1486 5069 1513 5112 et
1523 5063 1617 5122 XXVI,
1629 5064 1642 5111 1
1653 5069 1680 5111 et
1692 5059 1718 5111 iu
1732 5059 1821 5125 priore
1833 5059 1878 5110 cit.

1122 5132 1170 5180 loc.
1186 5127 1281 5179 dieitur
1293 5129 1373 5179 Iuleae
1384 5127 1582 5179 Alexandrinus.
1596 5153 1627 5164 —
1640 5129 1687 5176 Vs.
1702 5127 1727 5176 9..
1741 5125 1821 5177 Credi
1835 5141 1881 5192 pc-

1121 5205 1172 5246 teet
1185 5195 1296 5258 Magnus
1309 5193 1352 5245 hic
1367 5209 1424 5245 esee
1439 5195 1486 5244 Cn.
1502 5193 1642 5260 Pompeius
1656 5194 1778 5257 Magnus.
