4076 6022
598 464 725 528 CAPUT
746 466 769 526 l.
793 467 1078 530 urlaanuuarn
1099 471 1368 532 uunlunrottln.
1735 481 1773 540 ta

167 595 298 654 Τοῦνεκα
313 598 422 672 τιμήεις
436 599 484 654 καί
499 599 652 674 ἐπώνυμος,
669 597 688 670 ἦ
708 603 755 676 μὲν
771 603 890 658 ἄνασσαν

121 692 151 740 ah
167 687 196 749 ἐς
213 682 324 759 βουλὴν
340 683 496 762 ἀγέρεσθαι,
513 687 557 741 ἵνα
570 687 756 766 πρωτόθρονες
770 688 861 768 έδραε·

1006 600 1071 656 ldeo
1094 602 1245 659 honoratus
1271 609 1299 658 et
1323 601 1659 661 neminemnam-notans
1682 612 1775 664 consul

1513 694 1580 764 [suit
1591 693 1638 766 qui
1651 694 1774 768 reginam

166 760 281 830 Ελλάδι
297 771 322 828 δ’
339 773 402 828 οὔτε
416 777 495 850 γένος
511 773 714 854 βασιλεύτερος,
734 778 795 833 οὔτε
813 800 841 834 τι
857 784 950 858 φωνὴν
1005 778 1032 834 in
1045 781 1148 836 curiam
1162 777 1362 847 admitteretur,
1375 777 1421 834 uhi
1432 777 1720 852 primis-in·subselliis
1733 801 1772 839 se·

168 850 310 942 έίρώδεω·
326 860 455 940 γλῶσσαν
471 861 501 919 δέ
513 868 542 919 τέ
559 885 604 942 μιν
619 863 764 921 καλέουσιν
778 851 917 942 Ᾰθηνέων.

169 943 192 1010 ll
206 953 238 1010 δὲ
253 957 302 1010 καὶ
314 957 385 1024 αὐτή
401 972 452 1031 περ
467 951 654 1034 καλλίσφυρος
664 958 807 1030 Αίνειώνη,

167 1047 218 1100 καί
232 1041 426 1120 Γανυμηδείη,
445 1044 493 1098 καί
507 1039 658 1121 Δαρδάνων
674 1047 752 1120 γένος
763 1045 812 1116 ἦεν

122 1149 151 1196 te
167 1135 263 1212 Τρωὸς
278 1117 472 1210 δριχθονίδαο.
491 1134 530 1189 Σὺ
545 1131 582 1206 δ’,
599 1137 623 1189 ri
638 1133 728 1211 φίλον,
747 1138 806 1216 ἱερὰ
821 1134 907 1216 ῥέξαι,

167 1227 216 1278 καί
231 1219 314 1278 θῦσαι
330 1219 427 1298 (δυέων
443 1225 512 1302 ἀτὰρ
528 1224 719 1289 casaenovae
733 1223 864 1304 άνάγκη)·

169 1311 224 1368 εἷκέ
235 1331 281 1367 τοι
296 1309 449 1369 εὐσεδέεσσι
463 1316 511 1369 καί
523 1315 622 1392 ἡρώων
639 1311 785 1391 ἀλιγίζειν.

167 1402 208 1458 Οὐ
228 1404 278 1478 μέν
292 1405 347 1480 γάρ
359 1401 459 1474 usqe-q,
477 1405 546 1482 ἀτὰρ
562 1401 627 1460 οὐδὲ
641 1403 736 1462 δέαινα
751 1409 890 1463 τέτυκται·

166 1491 296 1546 τοῦνεκεν
311 1490 374 1548 οὔτι
390 1495 457 1548 νεὼν
472 1495 544 1572 lapda
557 1492 655 1573 λάχεν,
676 1495 738 1551 οὔτε
749 1515 776 1550 τι
788 1491 905 1574 τὺμδον,

122 1586 153 1635 45
167 1576 235 1634 οὐδὲ
247 1583 318 1656 γέρα
334 1579 452 1650 θνητοῖς,
469 1583 539 1660 ἀτάρ
552 1579 618 1638 οὐδέ
632 1581 730 1639 θεοῖσιν
746 1584 842 1660 ὅμοια.

168 1670 255 1744 Σῆμα
273 1672 322 1745 μέν
339 1671 365 1725 ol
378 1675 437 1748 νηῷ
453 1671 546 1729 ἴκελον
561 1671 645 1750 δήμῳ
661 1673 687 1727 έν
702 1657 826 1746 Ᾰδηνης·

166 1757 248 1834 ψυχὴ
265 1754 296 1812 δέ
312 1763 450 1838 σκῆπτρον
464 1746 667 1840 Ραδαμάνδυος
681 1765 877 1844 ἀμφισολεύει.

166 1847 257 1902 Τοῦτο
273 1844 304 1903 δέ
320 1850 461 1930 Φαυστίνη
475 1857 674 1932 κεχαρισμένον
686 1851 772 1925 ἧσται
786 1855 904 1934 άγαλμα

167 1934 253 2012 δήμῳ
270 1937 310 1992 ένι
324 1939 458 2016 Taena,
474 1940 520 1998 ίνα
534 1943 561 1998 ol
578 1946 665 2020 πάρος
679 1945 768 2022 εὐρέες
782 1946 873 2023 ἀγροί,

121 2035 150 2082 5⁰
165 2027 215 2080 καὶ
228 2027 314 2104 χορὸς
327 2027 468 2108 ἡμερίδων
483 2033 532 2087 καί
545 2029 702 2102 έλαεήεντις
716 2034 842 2113 άρουραι.

165 2121 173 2164 t
179 2116 207 2168 to
227 2119 277 2190 μέν
293 2119 437 2194 ἀτιμήσειε
453 2117 502 2190 δεή
522 2117 649 2194 βασίλεια
662 2126 798 2198 γυναικῶν

165 2203 329 2280 ἀμφίπολον
343 2211 450 2286 γεράων
466 2209 562 2285 έμεναε
576 2212 624 2264 καὶ
636 2211 744 2267 ὀπάονα
757 2215 881 2289 νύμφην.

166 2289 242 2349 Οὐδὲ
256 2297 311 2373 γάρ
327 2279 475 2373 Ῐφιγένειαν
492 2295 618 2374 ἐύθρονος
633 2281 772 2376 ίοχέαιρα,

166 2379 229 2437 οὐδ’
245 2368 337 2462 δρσην
350 2389 489 2462 γοργῶπις
504 2387 680 2462 άττητίμησιν
693 2370 805 2460 rid-qviq·

120 2468 151 2517 55
165 2469 232 2528 οὐδέ
250 2493 297 2548 μιν
311 2475 438 2551 ηρῴνησι
450 2473 603 2549 παλαιῇσιν
622 2471 759 2550 μεδέουσα

164 2561 310 2638 Καίσαρος
324 2561 449 2640 ἰφθίμοιο
463 2561 620 2640 παρόψεται
635 2563 739 2641 δμκνια
757 2570 849 2644 μήτηρ

165 2651 192 2713 ἐς
205 2653 292 2729 χορόν
309 2653 465 2730 έρχομένην
480 2655 638 2730 κρατεράων
652 2651 807 2730 ήμιδεάων,

164 2739 184 2808 ἣ
198 2737 288 2816 λάχεν
303 2724 442 2815 ίδλυσίησε
455 2743 669 2818 χοροστασίησιν
685 2743 821 2814 ἀνάσσειν,

163 2828 236 2897 αὐτη
251 2826 288 2894 τ’,
305 2813 444 2906 Ᾰλκμήνη
461 2848 500 2901 τε,
521 2832 643 2908 μάκαιρά
659 2849 687 2886 τε
704 2829 887 2909 Καδμειώνη.

397 3824 466 3882 265.
489 3824 713 3886 ΑΔΕΣΠΟΤΟΝ.

168 3938 259 3996 Παῖδα
273 3939 431 4018 Ξειναγόρα
445 3943 492 3996 καὶ
507 3936 687 4022 Πραξαγόρας
702 3944 800 4022 ίσορᾷς
816 3966 848 4024 με

207 4031 253 4084 τὸν
269 4033 375 4108 μύστην
390 4031 480 4102 Δηοῦς
494 4029 665 4111 Ξειναγόραν
680 4033 782 4110 ὄνομα.

479 4154 547 4213 δδδ.
564 4167 661 4217 Atho.

169 4277 283 4331 Μυστῶν
297 4278 431 4356 ήγητῆρα
444 4275 621 4353 Πολύζηλον,
636 4284 738 4361 πατρὸς
753 4281 851 4340 ἐσθλοῦ

166 4476 256 4540 Atque
267 4477 325 4528 haec
337 4479 425 4542 pulcra
440 4480 554 4545 quidem,
565 4499 645 4549 quam
655 4486 798 4552 conspicis,
808 4490 940 4553 AEneone,

166 4565 194 4610 et
207 4560 359 4623 Ganymede
373 4568 431 4612 sata
443 4565 580 4630 sangnine.
595 4569 782 4637 Dardanioque

167 4643 249 4694 Trois
267 4641 473 4699 amanuenses.
486 4649 534 4700 Cui
545 4652 696 4706 sacrificare
710 4658 842 4720 voluntas,

166 4729 304 4781 sacrificet
320 4739 387 4779 :nec
398 4735 468 4783 enim
480 4734 589 4788 invitum
601 4739 665 4790 dare
678 4745 739 4790 tura
753 4757 864 4795 necesse
875 4754 925 4808 est,

166 4815 212 4866 aad
230 4829 252 4861 si
268 4811 311 4860 cni
327 4809 434 4865 heroum
449 4832 511 4869 cura
523 4828 564 4871 eat
577 4837 629 4873 non
643 4831 762 4876 temnere
774 4829 882 4881 cultum.

163 4903 222 4952 Nec
236 4894 359 4948 mortalis
379 4895 457 4956 enim,
469 4900 515 4950 sed
526 4905 636 4956 necdea
646 4908 707 4972 June
720 4913 838 4977 putanda
849 4922 899 4964 est.

165 4989 222 5038 lieo
237 4985 369 5052 templum
381 4983 429 5036 illa
437 4987 549 5052 quidem,
558 4989 660 5043 sednec
669 4995 763 5046 sortita
773 4997 937 5061 sepulcrum:

167 5091 220 5127 non
232 5074 382 5135 hominum,
399 5073 445 5126 sod
458 5091 506 5127 nec
516 5076 604 5130 divum
613 5089 745 5133 mereatur
758 5084 881 5133 honores.

168 5163 222 5214 Par
235 5165 338 5232 templo
354 5161 438 5214 moles
449 5161 509 5214 huie
522 5166 606 5232 surgit
616 5165 644 5216 in
658 5167 722 5217 urbe
734 5157 870 5228 Minervae,

168 5261 210 5304 est
223 5254 314 5305 anima
331 5253 357 5302 in
371 5265 452 5316 regno
464 5249 656 5302 Rhadamanthi
670 5255 730 5304 laeta
745 5259 865 5318 vagatur.

169 5329 202 5382 ln
213 5349 283 5402 pago
300 5337 405 5400 Triopas
419 5331 552 5384 Faustinae
565 5335 621 5385 haec
634 5345 710 5401 grata
723 5338 826 5390 locatur

1611 868 1671 942 [des
1686 881 1772 931 sunt:

1004 955 1115 1012 Gracia
1136 962 1227 1011 antem
1249 971 1338 1028 neque
1363 972 1464 1028 genere
1489 954 1659 1029 magis-rex,
1687 981 1774 1038 neque

1655 1049 1773 1127 [eloquio

1002 1149 1084 1206 quam
1097 1133 1237 1191 herodes:
1248 1133 1370 1207 linguam
1381 1133 1491 1207 quidem
1505 1152 1566 1190 eum
1582 1143 1682 1194 vocant
1692 1141 1773 1198 Athe-

1654 1228 1770 1300 [narum.

1002 1311 1065 1367 Haec
1077 1318 1168 1367 autem
1180 1319 1208 1367 et
1221 1311 1283 1384 ipsa
1297 1310 1407 1384 quidem
1422 1311 1531 1385 pulcros
1540 1313 1772 1386 pedes-habens

1001 1407 1029 1456 et
1038 1399 1215 1474 Ganymedes
1226 1405 1253 1456 et
1261 1398 1429 1454 Dardanium
1437 1416 1526 1472 genus
1534 1409 1594 1458 erat
1640 1405 1772 1476 [AEneone

1000 1487 1080 1546 Trois
1091 1487 1305 1545 Erichthonidae.
1320 1487 1477 1556 luentem,
1492 1487 1516 1543 si
1535 1489 1651 1548 amioum
1669 1502 1720 1564 est,
1730 1513 1772 1554 sa-

1602 1582 1661 1653 [ora
1676 1581 1768 1654 lecito,

1000 1676 1028 1724 et
1040 1667 1268 1725 hostiamctedito
1282 1665 1444 1740 (hostiarum
1459 1667 1536 1741 atqui
1554 1684 1608 1724 non
1621 1668 1707 1727 invito
1722 1689 1771 1729 ne·

999 1760 1079 1818 decet
1094 1778 1161 1818 sane
1180 1759 1241 1834 pios
1255 1766 1283 1815 et
1294 1759 1394 1815 heroas
1407 1774 1512 1814 curare.
1609 1763 1767 1836 [cessitastr

999 1848 1061 1904 Non
1075 1849 1148 1905 enim
1162 1849 1294 1916 mortalis,
1310 1856 1339 1906 at
1352 1864 1443 1921 neque
1455 1847 1519 1904 diva
1537 1847 1611 1906 lacte
1625 1858 1667 1907 est
1682 1868 1689 1907 :

999 1935 1128 2010 quocirca
1135 1955 1223 2012 neque
1232 1935 1364 2010 templum
1375 1951 1484 1992 sacrum
1504 1938 1671 2008 sortita-est,
1682 1957 1773 2016 neque

1615 2029 1769 2104 [tumulum

998 2132 1087 2189 neque
1099 2115 1211 2190 premia
1221 2115 1392 2186 mortalibus,
1407 2118 1456 2174 sed
1470 2135 1559 2192 neque
1573 2117 1627 2174 diis
1637 2135 1769 2194 congrua.

999 2203 1205 2261 Monumentum
1223 2203 1334 2278 quidem
1349 2205 1375 2261 ei
1394 2212 1433 2262 est
1453 2208 1555 2282 templo
1577 2206 1664 2264 simile
1679 2207 1707 2263 in
1724 2224 1772 2281 po-

1495 2294 1570 2369 [pulo
1583 2295 1769 2354 Athenarum:

999 2382 1048 2438 sed
1062 2383 1154 2440 anima
1167 2383 1240 2441 circe
1254 2389 1393 2458 sceptrum
1410 2383 1618 2442 Rhadamanthi
1633 2393 1768 2442 versatur.

999 2471 1054 2527 Sed
1066 2472 1119 2529 hoo
1130 2473 1267 2530 Faustinae
1278 2471 1408 2530 dilectum
1422 2473 1528 2530 assidet
1544 2473 1719 2532 simulacrum

999 2576 1072 2633 pago
1087 2559 1114 2616 in
1129 2561 1250 2635 Triopio,
1266 2561 1313 2618 nbi
1328 2562 1353 2618 ei
1368 2561 1445 2637 prius
1461 2570 1541 2621 mant
1556 2563 1605 2621 lati
1620 2564 1690 2639 agri,

1000 2654 1028 2703 et
1042 2647 1143 2704 chorus
1154 2649 1396 2706 cultarum-vitium
1408 2655 1437 2706 et
1448 2649 1639 2708 oleis-consita
1653 2669 1728 2709 arva.

1000 2735 1061 2792 Non
1078 2735 1188 2809 quidem
1208 2754 1267 2794 eam
1287 2737 1423 2812 spreverit
1439 2738 1491 2795 dea
1511 2737 1608 2813 regina
1629 2740 1771 2798 mulierum

1000 2843 1061 2898 qua
1077 2841 1169 2883 comes
1183 2826 1320 2886 honorum
1333 2844 1445 2884 suorum
1464 2827 1537 2884 toret
1555 2835 1583 2884 et
1605 2829 1772 2904 pedissequa

1627 2919 1767 2992 [nympha.

1001 3002 1096 3076 Neque
1111 3003 1184 3060 enim
1197 3002 1370 3079 Iphigeniam
1384 3005 1770 3077 pulcrum-thronum-habens

1365 3093 1427 3166 [deo
1443 3095 1637 3168 quae-sagittis
1655 3095 1768 3170 gaudet,

1001 3195 1089 3252 neque
1102 3181 1208 3237 Hersen
1222 3180 1493 3254 horrenda-aspectu
1509 3191 1657 3256 aspernata
1667 3190 1710 3240 est
1720 3181 1771 3239 hli-

1322 3265 1330 3282 '
1646 3275 1741 3346 [nerva
1760 3287 1767 3328 ε

999 3375 1089 3432 neque
1103 3376 1164 3416 eam
1177 3359 1238 3433 ipsa
1254 3359 1376 3416 heroinis
1388 3360 1528 3418 veteribus
1544 3361 1683 3436 imperans

1001 3447 1117 3505 Caesaris
1128 3449 1294 3522 magnanimi
1307 3449 1441 3524 despiciet
1452 3449 1524 3506 alma
1537 3456 1625 3507 mater

999 3536 1153 3594 venientem
1165 3537 1192 3592 in
1204 3539 1319 3594 chorum
1330 3538 1453 3612 priorum
1468 3539 1661 3597 semidearum.

999 3625 1043 3682 eui
1055 3624 1157 3700 obtigit
1170 3625 1270 3700 Elysiis
1282 3627 1391 3683 choreis
1406 3645 1534 3702 regnare,
1653 3679 1655 3684 .

999 3712 1107 3788 ipsique
1121 3721 1150 3772 et
1160 3715 1296 3772 Alcmena
1308 3723 1336 3772 et
1350 3715 1438 3774 beate
1454 3716 1633 3775 Cadmi-filiae.

1209 3842 1272 3897 265.
1292 3839 1514 3900 ANONYMUM.

999 3954 1096 4011 Filium
1107 3955 1263 4028 Xenagoroe
1275 3961 1304 4012 et
1316 3955 1484 4030 Praxagorae
1499 3955 1577 4012 vides
1589 3973 1632 4013 me

1032 4051 1149 4118 mystam
1162 4044 1280 4114 Cereris,
1294 4045 1470 4119 Xenagoram
1483 4045 1602 4103 nomine.

1291 4171 1355 4226 aaa.
1376 4179 1475 4222 annun.

996 4295 1150 4368 Mystarum
1164 4293 1260 4350 ducem
1273 4293 1441 4367 Polyzelum,
1458 4293 1546 4368 patris
1560 4292 1624 4350 boni

995 4493 1111 4558 effigiem
1126 4493 1170 4543 hic
1184 4489 1247 4541 olim
1260 4491 1300 4541 illi
1312 4507 1360 4542 sna
1373 4490 1481 4557 pinguia
1496 4507 1569 4551 rura,

995 4577 1087 4627 ordine
1101 4577 1145 4626 ubi
1162 4573 1254 4641 positae
1266 4573 1343 4636 vites,
1354 4574 1471 4640 oleaeque
1485 4575 1596 4625 feraces.

994 4661 1050 4712 Nec
1065 4661 1114 4712 dea
1127 4658 1247 4710 femineae
1262 4658 1314 4709 dux
1328 4668 1354 4709 et
1367 4659 1461 4722 regina
1475 4667 1587 4710 caterve

994 4747 1093 4797 abnuet
1101 4747 1169 4794 hanc
1182 4743 1324 4807 nympham
1337 4743 1421 4793 sacris
1431 4742 1483 4794 sibi
1493 4744 1586 4794 adesse
1600 4743 1764 4807 ministram

994 4839 1084 4896 spreta
1099 4827 1253 4895 sagittiferae
1264 4842 1313 4876 nec
1325 4825 1396 4876 enim
1411 4828 1549 4892 Iphigenia
1563 4828 1665 4890 Dianae,

993 4914 1074 4966 caesia
1084 4929 1135 4965 non
1151 4914 1253 4963 Hersen
1268 4919 1308 4960 est
1319 4917 1462 4976 aspernata
1476 4912 1603 4970 Minerva.

994 5015 1041 5049 nec
1053 5015 1111 5064 quas
1125 4997 1195 5048 inter
1208 4995 1310 5062 priscas
1324 5010 1435 5062 regnum
1449 5003 1521 5045 tenet
1537 4997 1660 5047 herolnas

993 5085 1106 5134 Caesaris
1117 5085 1185 5134 hanc
1198 5082 1288 5146 magni
1302 5082 1387 5148 possit
1402 5089 1570 5132 contemnere
1586 5087 1680 5139 mater,

992 5165 1075 5216 mixta
1087 5166 1174 5217 choris
1188 5165 1276 5232 cupiet
1289 5181 1368 5232 quum
1382 5166 1473 5216 ludere
1486 5165 1662 5216 semidearum
1675 5181 1680 5214 :

992 5252 1051 5317 ipsa
1065 5253 1161 5302 etenim
1177 5251 1279 5316 Elysias
1293 5253 1446 5301 moderatur
1458 5259 1529 5300 sorte
1545 5252 1667 5307 choreas,

991 5351 1102 5402 cumque
1113 5336 1171 5402 ipsa
1181 5337 1367 5400 Alcmeneque‚
1378 5336 1506 5400 beataque
1515 5333 1673 5385 Cadmeone.
1681 5350 1760 5389 sana.
