4116 6022
869 445 1030 504 ‚isuaia
1051 446 1100 505 ET
1122 445 1436 506 SUPPLICATORIA.
1708 447 1765 514 39'1'

1001 584 1046 640 illa
1060 601 1107 654 epo
1121 584 1229 658 judiciis
1245 585 1297 640 vim
1313 581 1427 658 prebui,
1443 583 1488 640 illa
1502 601 1559 654 eqo,
1581 586 1767 658 generationis

904 689 911 722 :
1002 673 1118 740 initium,
1133 672 1191 728 viro
1206 672 1346 728 mulierem
1360 671 1501 744 conjunxi,
1517 671 1642 745 beneque
1652 673 1688 728 ad
1698 673 1768 728 luna

1002 760 1135 817 decimum
1150 765 1310 827 remeatum,
1324 760 1448 816 florentis
1463 759 1554 834 operis
1569 768 1662 834 aptam

878 849 937 910 =·'.¹·
1003 850 1099 918 lucem,
1122 847 1157 903 ad
1175 847 1307 903 infantem
1328 847 1581 920 modugenaratum
1605 848 1702 915 eduxi;
1723 847 1769 903 illa

1550 937 1608 1010 [eqo
1624 942 1768 1010 parentum

1003 1023 1090 1080 cultos
1102 1023 1236 1080 honorare
1252 1022 1342 1078 adhuc
1357 1021 1506 1080 infantulos
1518 1025 1569 1079 suh
1582 1041 1709 1090 mamma,
1724 1063 1728 1074 ,

1003 1111 1191 1168 curationibus
1205 1109 1302 1167 edocui
1320 1109 1746 1168 melle-mentemoblectantibus
1762 1131 1769 1169 :

1451 1199 1570 1271 [fasciam
1584 1217 1650 1256 vero
1665 1199 1771 1256 libidini

1005 1286 1248 1344 aeriter-resistens
1267 1285 1336 1342 iram
1353 1303 1441 1343 mecm
1460 1287 1609 1361 mugientia
1629 1306 1715 1361 usque
1735 1289 1769 1344 ad

1661 1375 1772 1448 [cubilia

1006 1460 1129 1519 Plutonis
1143 1461 1247 1518 minata
1259 1478 1330 1530 sum,
1346 1465 1550 1536 stratarumque
1565 1464 1729 1537 voraginum

839 1553 860 1578 '·
886 1552 908 1626 ὑ,
939 1569 950 1612 ς
1005 1550 1157 1608 custodiam
1174 1549 1446 1624 amoris-expertibus
1466 1551 1770 1626 gravia-perpessuris;

1522 1640 1593 1712 [sum
1608 1647 1699 1698 autem
1714 1641 1772 1696 arvi

854 1747 884 1778 ·.·.
916 1771 922 1794 ,
1005 1725 1252 1800 panem-parientis
1267 1725 1374 1800 regina,
1390 1725 1671 1784 dilaniantibusviros
1684 1727 1772 1784 mani·

1576 1815 1640 1888 [hus
1654 1817 1773 1872 oblatum

1005 1919 1104 1975 perosa
1118 1901 1218 1970 aihum,
1231 1919 1312 1976 quem
1327 1901 1645 1976 speluncas-habitantes
1660 1903 1773 1960 horrent

1005 2007 1085 2063 quem
1098 1989 1179 2064 lupus
1194 1989 1310 2058 ululans,
1322 1989 1392 2045 fame
1407 1989 1562 2047 stimulatus
1572 1991 1665 2047 robur.
1693 1992 1772 2066 [ursi,

940 2118 947 2133 .
1005 2077 1110 2150 Regale
1125 2076 1205 2134 simul
1219 2095 1281 2134 cum
1296 2076 1353 2134 sole
1367 2077 1517 2150 [sceptrum
1532 2084 1625 2147 teneo,

889 2211 895 2224 .
940 2210 947 2224 .
1005 2175 1033 2226 et
1047 2185 1089 2224 me
1102 2176 1202 2225 vocant
1214 2168 1331 2237 sociam;
1347 2167 1532 2242 [incitatisque
1547 2168 1626 2242 equis

900 2299 906 2312 .
941 2295 948 2308 .
1005 2257 1085 2314 simul
1098 2256 1173 2314 feror
1186 2256 1271 2313 radiis
1283 2257 1409 2332 [humero
1413 2296 1772 2316 .............

808 2347 936 2420 ‚sztodoq

1006 2344 1187 2419 Quacumque
1202 2343 1291 2419 perita
1301 2361 1363 2402 mea
1375 2361 1452 2402 mens
1466 2344 1545 2415 vidit,
1563 2363 1645 2404 manu
1666 2348 1772 2423 potenti

893 2476 899 2490 .
1006 2432 1041 2489 ad
1055 2433 1136 2490 finem
1149 2432 1235 2500 duco;
1249 2432 1410 2489 excellentia
1423 2438 1515 2489 autem
1529 2434 1632 2491 omnia.
1652 2477 1660 2492 .
1682 2477 1690 2492 .

814 2544 827 2569 u
838 2523 866 2572 ἐν

823 2606 950 2686 ὶνζάγκαν

823 2790 909 2861 'ete-i,

814 2959 952 3038 ·:p{ri]ror<

827 3049 912 3126 bapti<

820 3225 912 3290 'tartare

833 3319 918 3392 'J'JPfsi'f

831 3495 909 3556 issem

837 3661 940 3740 Ιἠἰμῖὃος

1002 2521 1049 2594 jus
1063 2537 1142 2578 mum
1156 2519 1367 2594 flexisgenibus
1387 2520 1561 2590 submittunt,
1582 2539 1715 2580 summam
1734 2541 1775 2580 re·

1508 2610 1593 2684 [giam
1609 2611 1773 2684 dignitatem

1006 2696 1133 2754 timentes
1147 2705 1268 2755 nostram
1277 2695 1514 2771 ;rinoulorumque
1529 2697 1644 2754 inrisam
1658 2698 1775 2755 necessi·

1688 2795 1774 2844 tatem

1006 2871 1082 2929 solro
1093 2887 1100 2927 τ
1112 2870 1330 2946 navigabilisque
1342 2872 1653 2947 moris-placidianam
1662 2875 1776 2949 Amphi·

1699 2963 1775 3037 [trite

1006 3048 1121 3106 naribus
1153 3049 1529 3124 nigrasprorasholoestibus
1560 3052 1612 3108 sub
1644 3051 1776 3126 pruinosa

1638 3138 1773 3210 siccitate,

1006 3225 1116 3300 quando
1130 3225 1248 3292 arrideo,
1268 3226 1439 3300 prs-gaudio
1453 3227 1615 3284 rubentibus
1626 3228 1715 3302 genis,

1007 3313 1129 3371 avolsam
1142 3314 1250 3386 Tethyn
1263 3314 1487 3384 caeruleis-alaim
1503 3315 1585 3388 inque
1599 3313 1739 3373 immensis

1007 3401 1165 3476 gurgitibus
1180 3401 1347 3458 inaccessam
1360 3401 1504 3459 erraticam
1513 3401 1596 3470 riam,
1608 3421 1669 3459 eum
1679 3404 1720 3461 ira
1732 3422 1775 3462 me

1007 3489 1127 3564 collegit,
1143 3489 1235 3564 agito;
1252 3495 1280 3546 et
1291 3489 1392 3563 ubique
1404 3489 1485 3564 nigro
1500 3490 1611 3548 fremitu

1008 3577 1115 3635 irruens
1129 3585 1231 3652 pontus
1245 3577 1368 3652 graviter
1381 3578 1410 3634 in
1425 3578 1564 3653 speluncis
1578 3581 1722 3654 profundis

1007 3667 1096 3741 mugit
1109 3684 1144 3722 ex
1159 3665 1260 3739 adytis.
1274 3664 1367 3722 Prima
1380 3672 1471 3722 autem
1484 3666 1513 3723 in
1524 3668 1652 3725 transtris
1667 3668 1775 3725 narium

1009 3755 1145 3812 sinuatam
1159 3753 1229 3810 velis
1243 3751 1368 3828 rapidam
1382 3753 1502 3810 carinam
1516 3755 1604 3811 direxi

1010 3847 1039 3900 in
1053 3843 1256 3900 tumido-fluctu
1272 3842 1409 3916 equitans,
1426 3843 1575 3918 domitique
1587 3845 1670 3902 maris

1009 3931 1177 4006 praepetibus
1189 3930 1328 3988 abietibus
1342 3932 1492 3989 flexuosam
1507 3935 1605 3991 statuit
1618 3934 1745 3991 choream

1010 4019 1120 4076 Doridis
1137 4017 1347 4092 nobilis-proles
1366 4035 1373 4074 :
1393 4019 1552 4093 agitabatur
1570 4028 1661 4077 autem
1681 4021 1777 4079 horror

1588 4109 1627 4184 [in
1639 4111 1776 4167 mentibus

1010 4213 1070 4270 quae
1098 4193 1305 4269 remigationem
1325 4197 1415 4254 adhue
1435 4197 1588 4270 ignoratam
1612 4198 1697 4254 oeulis
1724 4199 1777 4254 eir-

1537 4283 1775 4358 [cumspieiehanl.

1010 4371 1061 4428 Isis
1075 4389 1127 4446 ego
1141 4371 1205 4428 belli
1219 4371 1384 4428 horrendam
1399 4371 1500 4428 nubem
1514 4371 1638 4428 laborum
1654 4373 1741 4446 septis

1010 4460 1186 4525 circumdedi,
1198 4479 1258 4534 qum
1275 4460 1445 4516 includerent
1455 4460 1616 4534 opulentum
1625 4477 1741 4534 regnum

1010 4565 1042 4604 ao
1054 4547 1216 4619 legiferum:
1233 4548 1336 4605 insulas
1345 4554 1436 4604 autem
1450 4546 1698 4604 in-altodemersas
1711 4565 1725 4602 e
1737 4565 1778 4603 ra-

1011 4637 1045 4692 ad
1058 4635 1147 4692 lucem
1161 4653 1175 4691 a
1191 4636 1327 4711 profundo
1341 4636 1399 4692 luto
1413 4635 1516 4692 adduxi
1532 4636 1603 4708 ipsa,
1658 4635 1776 4708 [dicibus

903 4749 908 4755 ·
936 4749 956 4789 ·.;
1010 4731 1117 4782 montes
1132 4731 1160 4782 et
1171 4743 1327 4800 camporum
1345 4724 1463 4782 sativum
1478 4723 1575 4792 solum,
1590 4722 1776 4796 pinguemque

1444 4811 1557 4884 [terrum
1571 4808 1775 4864 summitatibus

1011 4901 1073 4959 fixis
1089 4900 1330 4958 triticum-dantem
1345 4899 1568 4974 superingerens,
1583 4895 1723 4953 bubilibus

932 5017 957 5056 ,ς
1011 4991 1181 5063 ovilibusque
1195 4987 1387 5060 [nobilitatam]
1402 5003 1410 5042 ι
1428 4993 1456 5042 et
1472 4985 1499 5041 in
1521 5000 1652 5058 spumosa
1670 4984 1776 5040 Nereus

935 5106 955 5121 vv
1012 5085 1166 5150 erratnqua
1175 5076 1278 5132 faciens
1288 5073 1540 5147 circumfulgentem
1550 5071 1663 5128 floribus
1673 5089 1776 5146 spumea

948 5194 954 5222 f

1012 5167 1148 5239 fragorem
1162 5163 1423 5232 valde-frementem,
1439 5161 1549 5218 calculis
1565 5159 1665 5216 feriens
