4102 6026
256 453 312 508 θίί
704 445 962 508 AN'l'llOLOGlAE
984 449 1135 508 GllAECAE
1155 449 1383 510 APPENDlClS

294 584 324 636 δν
344 580 415 657 βαθύ
428 584 517 658 γῆρας
529 579 589 636 ἰλοι
602 577 683 636 τὲκνοὶ
697 601 726 636 τι
739 578 913 656 γηθόρινον·
1109 605 1189 662 quem
1203 596 1315 663 caperet
1326 589 1409 664 longa
1421 598 1561 648 senectute
1572 597 1600 647 et
1608 590 1703 648 liberis
1715 591 1837 665 gnuden-

234 672 340 746 ύαύτὰρ
355 667 557 746 ineptissimis
571 668 682 726 τελιάσι
696 666 781 724 καλὸν
796 667 903 744 ἔδειμεν
1074 682 1157 750 atque
1171 694 1313 752 supreme
1327 678 1459 734 columbis
1473 678 1594 753 pulcram
1607 679 1835 751 edificandum:

294 761 400 832 κόσμου
414 755 557 834 τολοροινῆ
573 761 676 836 πύργον
692 759 864 834 ἀριπρεπέος.
1110 773 1205 822 ornatu
1218 765 1364 840 magnifico
1379 765 1474 823 turrim
1485 766 1765 840 longe-apparentem.

543 919 612 977 729.
629 927 725 976 suno.
1365 927 1428 982 τέο.
1448 935 1546 978 sanun.

259 1081 281 1136 ρ.
305 1063 410 1124 Βάσσος
422 1044 568 1139 incaptum
583 1065 723 1131 πονήσατο
736 1063 793 1124 τοῖς
806 1059 919 1137 ἀγαθοῖς
935 1062 982 1136 μέν
1073 1083 1096 1121 c.
1113 1065 1217 1122 Bassus
1231 1066 1327 1122 Aburii
1341 1070 1415 1139 ptius
1428 1065 1562 1124 laboravit
1575 1067 1654 1124 bonis
1668 1067 1777 1141 quidem

292 1152 435 1226 χάρματα,
451 1153 508 1214 τοῖς
522 1147 552 1204 δὲ
566 1153 661 1214 κακοῖς
674 1150 823 1228 εὑράμενοι
837 1145 953 1211 ὀδύνας·
1109 1153 1221 1228 gaudis,
1236 1155 1315 1211 motis
1327 1147 1418 1211 aut'eru
1430 1155 1569 1211 inveniens
1584 1155 1691 1212 dolores
1705 1175 1712 1212 :

254 1235 328 1293 ἀλλά
345 1257 389 1314 μιν
402 1234 503 1302 παῖδάς
512 1257 542 1294 τε
558 1239 618 1302 sau<
630 1239 678 1293 καί
692 1233 801 1307 αίδοίην
814 1240 974 1313 παράκοιτιν
1074 1243 1123 1299 ssd
1138 1260 1200 1299 eum
1210 1241 1367 1316 liberosque
1377 1245 1437 1317 ejus
1449 1251 1477 1300 et
1492 1243 1618 1316 pudicum
1631 1245 1773 1319 conjugem

254 1323 334 1403 δέχτο
347 1327 522 1403 γηράσαντος
535 1328 562 1390 ές
573 1310 659 1402 libau,
676 1330 773 1382 πύτνια
786 1328 893 1402 νύμφη,
1074 1331 1168 1404 accipe
1183 1331 1362 1388 senes-iactos
1382 1331 1417 1387 ad
1431 1331 1540 1398 Orcum,
1563 1333 1717 1388 venerando
1735 1332 1835 1406 puelle,

230 1417 300 1480 5ast
314 1413 406 1491 ψυχάς
417 1414 592 1492 προύπεμπε,
607 1413 651 1470 ύθι
664 1409 760 1479 ξανθὸς
774 1400 967 1492 θαδάμανθυς.
1075 1426 1103 1475 et
1116 1419 1221 1476 animes
1236 1419 1366 1488 deducas,
1383 1418 1429 1475 ubi
1443 1419 1531 1475 ssavus
1544 1425 1586 1475 est
1599 1418 1835 1476 Rhadamanthus.

550 1576 618 1635 730.
635 1589 731 1637 Anno,
1090 1641 1095 1651 ,
1356 1580 1418 1634 730.
1439 1586 1541 1630 snrun.

255 1692 482 1778 Ᾱοκληπιοδύτης
496 1709 578 1786 ίιρύν,
595 1706 668 1786 φίλιε,
682 1706 775 1786 δέρκεο
791 1707 894 1772 κάλλος
1046 1690 1049 1722 ¹
1074 1711 1275 1786 Asclepiodoto
1288 1727 1404 1778 sacram,
1413 1708 1509 1776 amice,
1525 1708 1616 1783 aspice
1627 1706 1834 1782 pulcritudinem

255 1794 348 1873 ψυχῆς
362 1794 502 1867 ἀθανάτης
514 1799 562 1852 καί
576 1801 717 1872 σώματος·
735 1799 900 1875 ἀμφοτέροις
912 1799 966 1875 γὰρ
1075 1799 1159 1858 animi
1171 1799 1331 1857 immortalis
1345 1805 1374 1856 et
1387 1797 1512 1872 corporis
1525 1816 1533 1856 :
1548 1797 1680 1854 ambobus
1693 1798 1764 1854 enim

255 1882 282 1938 ἓν
294 1889 371 1961 φύσις
384 1885 477 1940 ὤπασα
491 1883 595 1948 κάλλος
609 1887 765 1963 ἀκήρατον·
782 1888 806 1940 τί
820 1883 850 1941 δέ
864 1887 876 1942 ί
893 1889 976 1963 μοῖρα
1073 1907 1155 1946 unam
1180 1895 1280 1946 natura
1303 1886 1380 1944 dedit
1398 1885 1607 1960 pulcritudinem
1633 1886 1766 1944 sincerum
1784 1906 1791 1944 :
1812 1888 1835 1946 si

218 1971 226 1988 ’
254 1972 387 2048 ἥρπασεν,
396 1974 447 2028 οὐκ
456 1970 606 2048 ἐδάμασσε·
618 1970 739 2029 θανοῦσα
746 1975 799 2051 γάρ
809 1977 840 2030 ού
854 1971 916 2029 θάνε
930 1978 1018 2050 μούνη
1669 1974 1738 2047 [eam
1753 1993 1836 2048 percu

231 2057 320 2132 5otdt
330 2065 408 2116 πύσιν
423 2059 601 2140 προλέλοιπε,
610 2059 825 2133 καίεέλίπτ,νύν
836 2059 898 2116 δέτι
912 2060 1019 2140 μᾶλλον
1074 2065 1176 2139 rapuit,
1182 2061 1552 2121 nondomuitemortueenim
1558 2069 1723 2118 nonmortua
1730 2063 1835 2120 estsola

256 2146 402 2226 οὐρανόθεν
419 2169 465 2226 μιν
480 2151 532 2227 ὁρᾶ
547 2151 594 2205 καί
607 2153 734 2228 τέρπεται
746 2146 800 2219 ἠδέ
816 2148 958 2227 φυλάσσει.
1073 2166 1162 2223 neque
1176 2148 1305 2206 meritum
1318 2147 1395 2222 prius
1408 2147 1498 2222 liquit,
1511 2154 1540 2203 et
1550 2148 1574 2203 si
1588 2147 1707 2222 liquerit,
1721 2157 1836 2204 nuncet

1074 2237 1247 2294 caelituseum
1257 2236 1367 2294 videtet
1380 2236 1486 2310 gondet
1499 2245 1580 2310 atque
1591 2236 1719 2292 custodit.
1736 2237 1835 2310 [magis

552 2402 620 2460 73t.
637 2411 733 2459 Anno.
1368 2400 1430 2454 nst.
1450 2406 1551 2449 annun.

293 2527 510 2622 ρθθηνοδύρειν
525 2543 575 2614 τήν
590 2542 698 2622 ἀγαθὴν
712 2546 762 2614 τὴν
777 2528 891 2614 Ᾰτττκην
1066 2541 1097 2614 ,†
1111 2541 1325 2610 Athenodorum,
1340 2539 1439 2596 bouem
1451 2539 1569 2595 Atticam

293 2634 343 2702 τὴν
362 2631 525 2707 θαυμασίου
540 2635 658 2708 γυναῖκα
672 2634 723 2702 τὴν
739 2629 878 2708 φιλίνθτον
1072 2628 1230 2686 Thaumasii
1242 2645 1356 2685 uxorem
1369 2627 1730 2686 numine-arnari-amantem

293 2717 391 2774 παιδία
404 2722 536 2775 τεκοῦσαν
550 2722 598 2774 καί
608 2723 760 2796 τρέφουσαν
774 2722 861 2789 νήπια
1073 2715 1202 2787 puerulos
1216 2733 1277 2790 qum
1290 2716 1398 2791 peperit
1412 2723 1440 2772 et
1453 2715 1550 2773 nutriit
1563 2716 1681 2775 inientes

293 2808 312 2877 ἡ
327 2811 364 2884 γῆ
378 2803 504 2864 λαύούσα
518 2808 569 2878 τὴν
587 2811 651 2862 νέαν
665 2809 716 2878 τὴν
735 2810 841 2885 μητέρα
1072 2812 1147 2861 terra
1158 2823 1218 2879 qum
1233 2804 1307 2878 cepit
1314 2805 1442 2878 juvenem
1454 2812 1568 2862 matrem

232 2919 245 2966 5
292 2897 413 2972 κατέχει,
431 2893 570 2972 γάλακτος
584 2892 721 2972 δεομένων
734 2899 787 2950 τῶν
801 2893 926 2952 παιδίων.
1072 2895 1167 2963 hebet,
1182 2896 1252 2952 laete
1265 2896 1411 2971 egentibus
1425 2898 1557 2970 puerulis.

542 3055 611 3114 73⁶2.
628 3062 724 3113 inno.
1366 3061 1428 3114 7³2.
1447 3069 1546 3112 aurun.

254 3179 300 3250 ,λδ
316 3196 369 3272 ἐγὼ
380 3198 400 3266 ἡ
412 3194 583 3276 τριτάλαινα,
596 3198 643 3250 καὶ
657 3199 817 3275 ἀμφοτέρων
834 3195 976 3272 βασιλήων
1073 3200 1121 3258 Illa
1135 3217 1187 3274 ego
1202 3200 1369 3270 ter-misere,
1385 3206 1414 3256 et
1427 3201 1542 3256 duorum
1555 3219 1660 3275 regum,

292 3281 416 3363 Τιθερίου
432 3282 565 3363 θυγάτηρ,
582 3286 734 3362 Μαυφικίοο
750 3283 780 3340 δὲ
792 3283 897 3364 δάμαρ,
1108 3289 1210 3344 Tiberii
1222 3288 1286 3354 filie,
1304 3288 1481 3362 Mauriciiquo
1494 3290 1602 3364 conjux.
1691 3293 1833 3366 [partubus

251 3371 423 3442 ήπολύπαις
438 3371 576 3449 βασίλεια,
593 3374 671 3442 καίή
688 3368 800 3439 δείξασα
812 3371 925 3452 λοχείη,
1071 3377 1410 3435 multos-liberos-hebens
1434 3377 1539 3452 regina,
1560 3386 1587 3435 et
1605 3397 1665 3452 que
1685 3382 1831 3441 monstravi

292 3464 328 3526 ὡς
341 3460 444 3540 άγαθθν
458 3459 564 3518 τελέθει
576 3464 625 3518 καί
633 3461 843 3540 πολυκοιρανίη,
1106 3484 1189 3540 quam
1201 3465 1303 3522 bonum
1314 3465 1352 3522 sit
1365 3466 1406 3522 uel
1420 3465 1572 3540 principum
1587 3467 1739 3539 multitudo,

230 3555 408 3627 5κεϊμαισθν
421 3555 543 3607 τεκέεσσι
555 3553 603 3608 καί
615 3552 742 3628 ήμετίρφ
758 3553 925 3630 παρακοίτῃ,
1068 3553 1147 3628 jocco
1163 3571 1224 3610 cum
1233 3553 1328 3611 liberis
1344 3561 1371 3610 et
1385 3570 1445 3610 meo
1459 3553 1568 3624 morito,

252 3728 310 3797 Τῆς
345 3725 434 3799 κάθης
449 3726 531 3798 έτλην
545 3726 618 3784 πολύ
629 3729 753 3806 χείρονα,
769 3731 819 3798 τῆς
832 3728 856 3782 τ’
874 3711 1014 3800 inscissus,
1042 3735 1045 3818 j
1071 3731 1157 3789 Multo
1172 3748 1254 3805 quem
1265 3730 1379 3786 Hecuba
1392 3729 1642 3805 pejora,qusmque
1652 3730 1763 3790 Joeasts
1773 3734 1831 3800 tuli,

291 3815 321 3871 αἲ
334 3815 363 3871 at
374 3820 425 3886 τῆς
438 3810 542 3888 Νιύθης
556 3816 674 3892 ίμτνούς
685 3817 743 3892 alpi
754 3818 842 3879 νέκυς.
1042 3819 1045 3833 ⁴
1104 3820 1173 3877 heut
1187 3820 1255 3877 beul
1274 3818 1369 3875 Nioba
1381 3817 1489 3892 spirens
1505 3835 1566 3875 sum
1577 3819 1705 3876 cadaver.

251 3903 305 3959 Ναί
317 3906 362 3959 ναί
374 3904 421 3959 τθν
434 3906 559 3981 γινίτην,
574 3905 601 3959 τί
616 3907 706 3980 μάτην
720 3906 756 3960 τά
769 3905 868 3980 νεογνὰ
883 3903 1013 3976 ἔκτειναν,
1070 3907 1128 3982 Nae,
1143 3923 1186 3963 nm
1198 3905 1361 3979 genitorem,
1375 3904 1424 3962 sed
1433 3904 1500 3978 quid
1510 3912 1610 3962 temere
1620 3912 1741 3963 teneram
1753 3925 1830 3964 sono

1587 3993 1649 4069 [lem
1664 3995 1828 4062 occiderunt,

549 4324 608 4372 72³.
627 4338 714 4375 suun.
1101 4319 1217 4370 radicem
1230 4325 1321 4370 ventus
1336 4317 1464 4368 Thracius
1478 4318 1602 4369 exsecuit.
1703 4333 1729 4369 n.
1749 4333 1826 4370 onor.

248 4451 297 4502 Illo
311 4467 359 4517 ego
373 4467 430 4503 sum
442 4451 543 4514 inistis,
557 4467 648 4516 regum
662 4451 741 4502 modo
753 4449 824 4501 dicta
835 4450 945 4500 duorum
1242 4430 1302 4479 7²³·
1321 4443 1436 4480 ”um
1452 4443 1657 4480 ⁸P¹⁰¹³fflffl¹⁸·

280 4535 397 4586 Mauricii
411 4534 710 4602 eonjum‚fl1ig'rib01=ii
723 4551 729 4585 :
1140 4525 1210 4574 θέεν.
1229 4523 1317 4588 Wolfis'
1330 4524 1411 4574 versio
1424 4522 1512 4588 (Δκίίι.
1530 4521 1578 4573 ίαί.
1595 4525 1614 4572 t.
1629 4524 1662 4574 11.
1671 4539 1700 4589 p.
1717 4525 1758 4586 λθ)

248 4632 306 4684 qum
316 4617 392 4671 docui
405 4619 469 4671 leets
481 4618 628 4670 numerosis
641 4619 767 4685 pertubus
779 4619 838 4668 alvo
1067 4618 1088 4668 0
1101 4631 1149 4683 ego
1163 4617 1235 4667 milla
1248 4617 1333 4668 modis
1347 4631 1439 4681 regum
1450 4613 1600 4665 miseranda
1610 4615 1719 4666 duorum

279 4703 307 4754 in
317 4704 407 4755 multis
418 4702 524 4770 aliquod
536 4703 644 4768 regibus
657 4717 715 4754 esse
728 4704 826 4754 bonnm
838 4717 844 4750 :
1099 4699 1217 4751 Mauritii
1228 4701 1331 4767 conjux,
1345 4700 1400 4751 ntia
1411 4699 1524 4750 Tiberiit

246 4787 289 4836 hio
302 4801 362 4838 cum
376 4787 450 4853 prole
463 4788 615 4854 mesjscso‚
626 4801 685 4839 cum
699 4787 811 4854 conjuge
827 4801 833 4835 :
848 4793 979 4836 causaest
1066 4782 1166 4836 Edocui
1179 4783 1273 4850 regina
1286 4784 1361 4844 setis,
1376 4781 1537 4848 secundaque
1550 4789 1642 4844 mater,

279 4869 390 4936 perfidis
402 4870 429 4921 in
443 4871 550 4937 populo,
563 4867 715 4936 militiaque
727 4869 810 4921 furor.
1099 4885 1177 4936 quam
1189 4869 1243 4920 sint
1250 4869 1393 4920 multorum
1407 4866 1543 4918 commoda
1557 4873 1659 4932 sceptra
1673 4867 1775 4916 ducum.

246 4953 305 5004 Non
317 4953 423 5005 Hecube
437 4962 490 5005 tarn
502 4969 575 5006 smus
588 4955 649 5006 tulit
662 4953 742 5016 mals,
754 4967 808 5004 non
821 4953 932 5013 inceste,
1065 4949 1157 5002 Militis
1170 4950 1243 5001 infidi
1252 4950 1329 5016 jaceo
1344 4947 1485 5015 populique
1497 4948 1591 5006 lurore,

277 5044 307 5088 ut
319 5037 420 5100 Niobes,
434 5037 497 5089 sivit
509 5045 570 5104 post
581 5053 640 5089 mea
651 5039 706 5089 lats
718 5037 794 5088 cinis.
1098 5043 1122 5084 et
1137 5049 1239 5084 mecum
1250 5033 1344 5098 conjux
1356 5033 1545 5098 progeniesque
1553 5030 1633 5095 jncst.

244 5120 283 5172 De
294 5128 369 5187 putre
382 5128 520 5188 prosterno.
536 5123 588 5174 Sed
603 5138 650 5174 cur
666 5138 731 5189 rogo
744 5121 856 5188 pignora
870 5121 935 5172 caedi
1064 5120 1112 5169 Nee
1123 5117 1228 5169 miseras
1240 5117 1338 5168 Niobes
1350 5129 1401 5180 ego
1412 5129 1470 5166 sum
1480 5113 1558 5164 sitsls
1570 5112 1689 5163 cederes.

277 5204 367 5257 addita
377 5206 412 5257 sb
423 5205 545 5258 humenis
559 5206 643 5258 libers
656 5206 777 5272 flagitiis!
1098 5202 1213 5251 Plursne
1227 5199 1334 5258 Cisseis,
1348 5197 1426 5263 plura
1437 5196 1544 5247 Jocssta
1562 5193 1637 5244 tulitt

243 5289 303 5340 Non
312 5289 383 5340 ultra
393 5289 451 5352 tibi,
463 5291 557 5352 Romu¹
571 5290 636 5342 meis
647 5307 664 5342 s
675 5290 811 5342 frondibus
822 5291 915 5340 umbro
925 5299 974 5349 est,
1065 5288 1127 5337 Esto
1141 5301 1147 5335 :
1159 5285 1219 5351 jure
1229 5293 1313 5351 peter,
1328 5297 1375 5333 eus
1386 5280 1496 5347 pignora
1508 5294 1588 5346 pnrvs
1599 5287 1733 5340 necentur,

292 3637 385 3785 δήμου
401 3637 556 3716 ἀτασθαλίῃ
571 3642 619 3695 καί
634 3641 719 3716 μανίη
736 3642 874 3716 στρατιῆς.
1106 3643 1201 3718 populi
1215 3642 1390 3716 improbitate
1404 3648 1433 3698 et
1443 3642 1535 3699 lurore
1548 3642 1651 3701 militia
1662 3653 1812 3718 perempto.
1852 3605 1855 3612 Ι
