4034 6018
772 467 895 526 otrus
918 465 968 525 Vl.
991 466 1179 528 ORACULA.

191 592 284 650 πολλὰ
297 592 355 650 tlte
368 597 415 651 καί
429 595 521 652 πολλὰ
531 597 617 652 παθόν
631 597 781 654 καὶπολλὰ
798 603 933 674 μογῆσαν,

192 683 279 746 αίετθς
293 683 321 737 όν
334 683 465 760 νερίλησι
477 687 605 760 γενήσεαι
618 686 716 763 ἤματα
731 689 830 742 πάντα.

465 833 532 892 tt't.
555 842 674 892 aaron.

292 943 413 1009 Χρησμός
432 944 558 1010 Ἁρμοδίου
568 943 610 994 καί
631 946 843 1008 Ἀριστογείτονος.

191 1062 309 1140 Θριασίῳ
322 1063 382 1140 ἥρῳ
397 1064 442 1118 aaa
457 1061 561 1139 βωμοῖς
575 1063 620 1138 ipis
633 1065 777 1138 καμόντες,

190 1150 269 1227 όρκον
283 1147 463 1223 πιστώσασθε,
478 1151 526 1204 καί
538 1148 573 1218 ἢν
588 1151 632 1204 ἀτί
646 1147 753 1227 πατρίδ’
768 1147 868 1220 ίκεσθε,

192 1323 300 1380 παῦλαν
314 1344 358 1380 τοι
370 1328 507 1400 καμάτοιο
521 1326 568 1380 καί
582 1325 676 1401 ἀνίρος
689 1324 848 1380 dissedisse

189 1411 289 1485 ίσκετε,
304 1410 497 1490 θρησκεύοντες
511 1413 555 1466 ἀεὶ
569 1409 641 1482 θεὸν,
658 1411 693 1474 ὥς
710 1431 738 1466 σε
753 1411 866 1470 κελεύω.

463 1563 531 1622 248.
554 1571 671 1620 sanor.

188 1673 240 1724 Τινὶ
256 1673 306 1722 τῶν
321 1674 350 1724 ίκ
361 1674 404 1732 τῆς
425 1675 639 1740 consiperent
652 1676 673 1724 εί
682 1674 754 1725 λώιον
773 1671 812 1732 εἴη
825 1672 945 1734 μετοικεῖν

483 1757 517 1813 είς
530 1755 658 1822 Κόρινθον.

189 1871 334 1950 Εὐδαίμων
349 1875 364 1929 ό
377 1873 515 1954 Κόρινθος·
533 1877 585 1952 ipah
600 1873 625 1932 δ’
641 1876 699 1947 είην
713 1877 854 1945 Teresia-qe.

472 2035 541 2092 249.
557 2040 673 2091 Annon

189 2157 277 2231 Δόξης
290 2158 424 2216 ἀντιθίοιο
438 2159 623 2238 καθηγητῆρα
637 2159 771 2216 Πλάτωνα

190 2245 219 2304 εὖ
234 2245 324 2325 δρῴης
338 2251 445 2319 aionon,
460 2251 540 2326 χάρις
554 2245 583 2303 bi
599 2248 622 2302 o'
638 2247 785 2324 ἀμείψεται
799 2243 882 2315 ίσθλὴ

190 2338 220 2390 ἐκ
236 2339 376 2412 μακάρων,
394 2331 461 2390 οίσίν
475 2355 525 2413 περ
540 2337 610 2414 ἀνὴρ
625 2333 770 2413 ἀνάριθμος
783 2337 892 2399 ἐκεῖνος.

462 2502 667 2560 950.ΔΔΔοΣ

501 2613 639 2668 Ἀθηναίοις.

187 2733 266 2788 Tiasa
281 2736 347 2796 νάως
359 2735 448 2788 κτίσαι
462 2731 602 2788 πολύπουν
620 2733 770 2806 μενεαίνετε
783 2733 886 2809 χῶρον,

189 2825 286 2898 κοῦροι
299 2803 456 2892 Ᾰθηναίων;
470 2817 593 2897 χαλεπὸν
609 2817 640 2874 δ“ε
654 2818 721 2875 θεῶν
736 2819 798 2896 ἀτερ
814 2817 913 2895 θμμιν.

187 2993 227 3051 Οὐ
241 2997 294 3074 γὰρ
307 2993 438 3071 θίσφατόν
453 2995 518 3060 tera,
530 2995 591 3072 arpis
601 2991 768 3069 ἀνκομίσητ“
779 2995 833 3049 ἀπὸ
848 2994 947 3070 Τροίης

187 3157 279 3240 Ῥήσου
294 3172 449 3247 ἀνευρόντες
461 3167 604 3246 καλάμην,
620 3171 721 3246 πατρίη
737 3167 766 3224 tt
781 3170 886 3247 ἀροόρη

186 3258 303 3335 κρύψητ’
320 3259 447 3334 εὖαγίως·
463 3261 524 3314 τότε
540 3255 564 3313 δ’
577 3258 610 3312 ἀν
622 3262 682 3313 τότε
697 3255 780 3322 κῦδος
791 3255 910 3336 ἄροισθε.

472 3412 540 3469 251.
557 3420 673 3468 ΔΔΛΟΣ.

187 3540 244 3597 nts’
258 3539 331 3597 οίνον
343 3543 464 3620 τρυγίαν,
482 3543 541 3596 ἐπεὶ
554 3543 605 3596 οὐκ
617 3525 761 3612 Ᾰνθηθόνα
772 3543 864 3610 ναίεις,

185 3715 244 3773 οὐδ’
260 3718 333 3780 tarsa
347 3703 464 3794 Ῡπίραν,
481 3714 524 3772 όθι
537 3713 563 3772 κ’
580 3717 695 3793 ἄτρυγον
710 3713 782 3773 οἶνον
798 3717 893 3780 ίπινες.

459 3874 527 3932 θθθ.
550 3878 667 3927 ΔΛΛΟΣ.

494 3987 631 4044 Μιλησίοις.

184 4109 237 4164 Καί
254 4127 302 4185 μοι
315 4104 447 4184 Γεργίθων
461 4125 489 4162 τε
504 4109 585 4182 φόνος
600 4104 677 4182 μέλει
692 4104 907 4183 ἀπτολεμίστων,

182 4239 320 4361 τεισοηρων
334 4303 363 4338 τε
380 4286 463 4361 μόρος
476 4286 523 4337 καί
536 4279 661 4359 δίνδρεον
674 4283 731 4336 aila
747 4279 874 4344 staltis.

482 4547 539 4594 25⁰.
555 4560 642 4596 aaran.

459 4662 663 4713 Atheniensibus.

182 4798 326 4852 Multiviam
340 4798 440 4848 noviter
451 4797 511 4864 quid
520 4798 597 4847 vultis
611 4797 721 4846 condere
734 4805 839 4854 terram,

183 4881 294 4932 Palladii
309 4880 387 4940 cives,
400 4880 456 4930 sine
469 4881 511 4930 dis
526 4895 568 4929 res
580 4880 661 4929 ardua
675 4877 748 4928 robis

183 4973 222 5015 est
235 4979 300 5014 :nec
315 4965 342 5014 id
355 4969 415 5013 ante
427 4962 497 5022 licet,
511 4977 589 5028 quam
603 4961 685 5026 Troja
696 4977 727 5010 ex
737 4961 801 5010 urbe
813 4957 903 5009 ieratis

181 5048 311 5098 inventam
324 5046 404 5097 Rhesi
416 5045 548 5112 stipulam,
559 5053 686 5108 terraeque
702 5051 816 5110 paternae

182 5131 309 5181 mandetis
323 5137 429 5192 sanctes,
442 5137 503 5180 tuno
517 5137 578 5178 tuno
592 5127 671 5178 decus
684 5127 743 5178 inde
757 5125 858 5191 legetis.

784 5249 852 5286 suar.
866 5249 942 5286 VULT·

1702 474 1755 528 517

1002 604 1576 678 quae-multa·vidistietmulta-perpessa-es
1586 612 1614 664 et
1627 607 1760 662 multa-la·

1003 691 1093 765 aquila
1107 691 1134 748 in
1149 693 1267 749 nubibus
1279 692 1328 749 fies
1344 709 1393 766 per
1406 709 1499 748 omnes
1513 693 1581 748 dies.
1632 695 1757 766 [herasti.

1305 843 1366 898 ⁶247.
1386 851 1486 894 amun.

1120 946 1257 998 Harmodii
1268 955 1295 997 et
1305 947 1493 1012 Aristogitonis
1503 949 1645 998 oraculum.

1003 1071 1127 1128 Thriasio
1143 1072 1232 1138 heroi,
1246 1071 1272 1126 in
1287 1072 1353 1136 aris,
1369 1072 1454 1127 sacris
1473 1073 1579 1145 operati

1000 1159 1179 1233 jurejurando
1189 1157 1458 1232 iidem-obstringite,
1472 1165 1553 1232 atque
1567 1159 1590 1214 si
1605 1158 1632 1214 in
1645 1160 1760 1232 patriam

1652 1244 1759 1318 [ieritis.

1002 1331 1183 1390 cessationem
1194 1331 1311 1388 elabere
1322 1338 1350 1388 et
1363 1331 1421 1386 viro
1433 1331 1588 1387 adversario
1602 1336 1761 1390 insectando

1001 1417 1128 1489 teneatis,
1139 1419 1259 1475 colentes
1273 1435 1380 1492 semper
1394 1419 1484 1483 deum,
1499 1427 1528 1475 ut
1542 1417 1591 1474 tihi
1602 1418 1697 1491 jubeo.

1291 1569 1352 1625 ass.
1371 1577 1472 1621 sarua

1002 1673 1110 1724 Cuidnm
1120 1689 1149 1723 ex
1166 1672 1231 1724 Asis
1245 1672 1417 1738 interroganti
1434 1688 1469 1724 an
1488 1681 1594 1740 preestet
1609 1676 1759 1726 Corinthum

1304 1755 1460 1820 demigrare.

1002 1881 1151 1938 Fortunata
1162 1880 1309 1938 Corinthus
1323 1895 1330 1935 :
1344 1880 1607 1952 egoautemutinam
1616 1881 1700 1936 iorem
1708 1883 1759 1936 Te-

1283 2039 1345 2094 lis.
1366 2047 1465 2089 aaran.
1644 1969 1758 2040 [nentem

1001 2167 1137 2224 Doctrinm
1151 2167 1249 2224 divine
1264 2169 1403 2242 auspicem
1416 2169 1557 2224 Platonem

1001 2256 1087 2329 probe
1102 2255 1200 2311 seceris
1218 2255 1346 2325 reverita,
1361 2256 1504 2328 gratiaque
1518 2262 1546 2312 te
1559 2256 1677 2330 excipiet
1688 2255 1761 2314 bone

1001 2343 1036 2400 ab
1054 2343 1250 2400 immortalibus
1271 2343 1388 2414 οροκάο,
1406 2361 1521 2417 quorum
1543 2343 1588 2400 ille
1609 2344 1650 2400 vir
1671 2352 1714 2402 est
1732 2345 1759 2400 in

1288 2504 1350 2556 Μ.
1371 2511 1471 2556 mun.
1626 2433 1758 2504 [numero.

1272 2606 1484 2658 Atheniensibus.

1000 2733 1071 2801 Quid
1084 2733 1190 2789 noviter
1204 2733 1321 2789 condere
1333 2733 1509 2808 multipedem
1523 2733 1623 2807 cupitis
1638 2735 1736 2799 locum,

999 2819 1047 2875 lilii
1062 2819 1290 2877 Atheniensium?
1308 2819 1419 2876 diliicile
1439 2818 1559 2893 quidem,
1577 2819 1630 2876 diis
1644 2820 1758 2893 absque.

1578 2907 1666 2980 [vobis
1680 2925 1757 2979 opus.

1001 2995 1061 3051 Non
1082 2993 1152 3051 enim
1176 2993 1473 3068 ediis-pronuntiatum
1492 3002 1535 3051 est
1554 2994 1630 3067 prius
1649 3011 1760 3068 querna

1535 3079 1628 3152 [Troja
1642 3079 1758 3136 tuleritis

1000 3169 1086 3226 Rhesi
1100 3167 1237 3224 inventam
1251 3166 1390 3239 stipulam,
1405 3167 1550 3240 patrioque
1561 3183 1627 3222 arvo

999 3253 1178 3312 condideritis
1199 3253 1266 3322 rite;
1287 3260 1353 3309 tuno
1371 3270 1438 3309 sane
1458 3260 1524 3309 tuno
1540 3252 1654 3326 gloriam
1668 3269 1760 3326 repor-

1550 3342 1619 3412 [tare
1634 3340 1756 3414 possitis.

1293 3414 1354 3466 231.
1375 3421 1473 3467 aaran

999 3543 1068 3600 Bibe
1085 3542 1177 3599 vinum
1189 3539 1371 3610 feculentum,
1389 3540 1517 3614 quoniam
1528 3557 1584 3596 aon
1597 3541 1760 3636 Anthedona

997 3734 1086 3792 neque
1107 3733 1213 3774 scoram
1229 3717 1376 3791 Hyperam,
1394 3714 1441 3771 uhi
1458 3713 1596 3772 sine-imae
1611 3627 1760 3770 viiiirbiltli':

1647 3803 1750 3874 [heres.

1290 3876 1351 3930 aba.
1367 3883 1469 3927 aaran.

1319 3977 1438 4031 Milesiis.

996 4109 1031 4166 Et
1051 4108 1118 4164 mihi
1138 4106 1332 4180 Gergitharum
1351 4105 1439 4160 caedes
1459 4121 1531 4160 cures
1549 4109 1592 4159 est
1611 4101 1757 4158 imbellium

1282 4193 1312 4265 [i.
1326 4209 1349 4248 e.
1361 4191 1407 4264 qui
1419 4190 1491 4248 hello
1503 4207 1595 4247 carere
1610 4189 1755 4258 debebant,

996 4284 1204 4358 picatorumque
1218 4282 1303 4338 iatum
1316 4288 1344 4336 et
1356 4280 1437 4336 arbor
1447 4295 1555 4356 semper
1568 4277 1733 4334 non-virens.

1295 4541 1352 4588 att.
1369 4553 1455 4590 sarua.

993 4643 1051 4707 lpse
1066 4641 1140 4692 bibas
1154 4639 1206 4690 vini
1221 4640 1322 4700 secem,
1334 4639 1404 4688 haud
1416 4636 1578 4688 Anthedonis
1591 4650 1662 4696 ama,

994 4723 1167 4791 Hyperiamse
1180 4723 1277 4782 colens,
1293 4720 1338 4772 ubi
1348 4721 1474 4770 deiaecata
1486 4719 1617 4769 bibantur.

1585 4815 1678 4850 naras.
1692 4813 1754 4848 σου.

1280 4871 1337 4920 252.
1354 4885 1467 4920 taenari.

1317 4961 1432 5012 Milesiis.

995 5063 1126 5130 Gergithse
1140 5063 1252 5114 imbellis
1264 5061 1328 5112 milri
1342 5067 1402 5111 sunt
1413 5068 1439 5111 et
1453 5059 1544 5108 funera
1558 5072 1637 5114 curm,

996 5157 1021 5199 et
1030 5146 1174 5214 picatoram
1183 5160 1254 5198 mors
1266 5153 1293 5196 et
1302 5159 1354 5196 non
1365 5144 1456 5209 plenta
1468 5142 1607 5192 virescens.

1504 5237 1565 5272 uir.
1581 5235 1642 5273 con.
1658 5234 1754 5270 auran.
