4116 6022
588 488 713 551 CAPUT
732 491 768 550 V.
792 487 1073 551 uuluutMMtTt
1094 491 1298 554 llllilSOlilh.

412 619 460 677 ³8.
482 628 544 676 Tor
561 629 670 679 error.

202 751 234 806 Τί
248 747 282 821 δὴ
298 751 383 827 γίριιν
398 749 434 806 ὢν
446 752 494 806 ani
508 749 654 827 φάλανθος,
669 749 690 808 ὦ
705 750 820 832 ρίστων,

201 838 232 895 τύ
249 836 347 916 βρίγμ’
360 834 463 903 limane
474 837 547 916 ἡλίῳ
561 843 746 910 κατοπτῆσαις

202 927 296 1003 τοιγὰρ
310 925 341 981 od
356 923 455 1004 θερμθν
470 923 564 983 πλεῖον
576 926 597 997 ἢ
610 923 669 983 otei
683 923 783 998 ζητῶν,

202 1013 248 1070 τθν
262 1013 368 1092 ψυχρὸν
383 1013 464 1078 ὄντως
478 1010 552 1092 ιύρις
563 1016 595 1071 οὐ
610 1012 695 1071 θίλων
708 999 794 1090 iiiam

415 1163 464 1221 39.
486 1172 545 1220 ΤΟΥ
561 1172 668 1221 ΑΥΤΟΥ.

439 1277 479 1332 El<
496 1277 649 1341 Καρνεάδην.

165 1395 197 1449 Τί
212 1413 245 1470 pa
257 1391 427 1472 Καρνεάδην,
442 1397 469 1449 τί
484 1415 528 1470 ps,
543 1395 650 1465 Μοῦσα,
667 1392 752 1460 θίλεις
765 1394 903 1473 illistam

164 1466 279 1558 ιίριαθής
290 1484 344 1559 γὰρ
358 1483 388 1547 dc
400 1481 460 1538 σθτι
472 1479 597 1538 adeoldus
610 1482 682 1546 θἰιως
696 1480 813 1540 θιθσίιιιι

164 1570 195 1625 cd
209 1568 308 1625 θανεῖν·
325 1570 369 1626 dcc
383 1571 430 1625 ιιαί
441 1567 567 1646 φθισικήν
578 1569 639 1626 τοτ’
651 1570 721 1646 ίχιιν
734 1573 865 1642 κακίστην

164 1661 253 1722 νόσον,
270 1658 321 1712 otia
335 1655 425 1712 ίθελιν
437 1653 516 1712 λύσιν
529 1658 652 1735 ίσχίμιν·
669 1655 732 1713 ἁλλ’
747 1658 866 1723 duodone

141 1745 207 1804 δὸτι
221 1746 365 1822 φάρμακον
378 1727 543 1822 Ᾰντίιιατρύς
554 1762 580 1799 τι
593 1745 660 1799 πιὼν
673 1741 791 1815 inicia,

168 1853 182 1884 o
192 1834 363 1902 Adueniant,
373 1831 469 1909 ίρησί,
478 1850 504 1887 τι
512 1831 671 1908 ιιθρῖιπιιῑν.
683 1852 698 1885 ιι
707 1861 746 1874 -
755 1832 808 1888 «Τί
816 1834 922 1908 μίντοι;

164 1921 205 1988 τίς
216 1938 232 1972 ιι
245 1947 284 1962 ·-
299 1916 384 1974 oddn’
393 1915 526 1994 οίνόριλι.
535 1937 551 1972 ιι
565 1914 676 1995 Σφόδρα
685 1916 710 1974 τ’
719 1915 775 1997 εἶχε
790 1922 923 1998 πρύχιιρα

833 2009 920 2062 ταυτί·

168 2115 182 2146 ιι
195 2093 308 2164 <llinis-l
324 2095 476 2171 συνέχουσά
492 2113 525 2166 μι
538 2095 586 2150 acl
599 2090 756 2150 διαλύσεται
770 2001 850 2164 δη.[ιι

166 2165 187 2236 O
204 2183 253 2257 μίν
268 2177 346 2236 σύδίν
361 2179 476 2238 ἔλασσον
491 2177 540 2252 tte,
555 2183 626 2236 κατὰ
638 2184 699 2258 γῆς,
716 2182 779 2250 luipo
794 2177 824 2237 ti

127 2279 155 2325 to
165 2271 199 2324 τθ
212 2268 285 2326 nitius
299 2272 371 2325 nexu
385 2267 472 2348 aipie’
487 2271 585 2348 ἔχοντα
601 2269 693 2348 μσλιῖν
707 2272 735 2326 ίν
748 2255 832 2347 dico.

416 2848 465 2908 to.
487 2856 548 2906 τοι
563 2857 671 2907 aanor.

439 2963 478 3019 Είς
495 2963 649 3026 Matidium.

166 3069 282 3149 θιιλυον,
298 3080 453 3160 Μινίθηριι,
469 3083 529 3139 τεόν
546 3084 640 3162 μύρον,
655 3084 690 3150 ὡς
704 3083 770 3140 ίιιθιν
785 3079 905 3154 cinicino

206 3173 232 3226 ἰν
245 3172 383 3248 ηρίρησιν
398 3171 465 3226 inni
481 3168 567 3249 μηδίν
582 3169 686 3228 ἐσθίων.

166 3257 231 3336 Κᾷτ’
248 3260 325 3337 Ιργσν
340 3251 432 3336 ipsine
444 3243 597 3337 θρετριιιύν,
612 3257 675 3316 ἀλλ’
691 3260 766 3337 ὅμως
780 3258 922 3339 ἄνανδρον·

207 3346 313 3426 ἀψυχίη
326 3347 380 3425 γὰρ
391 3346 504 3423 ἡγεμὼν
519 3346 608 3424 incepi
619 3366 660 3404 σε.

414 3490 462 3547 Η.
484 3497 547 3545 ΤΟΥ
562 3497 671 3546 ΑΥΤΟΥ.

448 3601 490 3658 ute
506 3601 640 3651 Mivtnstos.

168 3721 283 3776 Φοίνικα
293 3719 324 3775 τθ
337 3719 424 3796 γίνσς,
441 3716 514 3775 ἀλλὰ
527 3721 660 3798 Κρητικὸν
673 3723 752 3788 ιιύνα,

455 3956 495 4005 at.
515 3971 636 4008 uuonan.

459 4047 495 4098 lle
512 4047 639 4098 Aristone.

168 4147 215 4198 Dic
229 4162 284 4208 cur,
300 4147 399 4210 Aristo,
413 4163 473 4199 eum
485 4147 554 4199 iores
565 4163 643 4199 senex
656 4149 754 4210 calvus,

166 4232 249 4283 dahas
260 4231 421 4297 coquendum
435 4230 549 4297 sinciput
560 4237 631 4282 tuum
642 4231 708 4283 solil

167 4315 235 4366 Nam
246 4323 338 4379 sponte
349 4313 445 4380 quaeris
458 4314 520 4366 dum
533 4313 619 4366 celere
631 4315 689 4380 plus
702 4329 788 4382 aquo,

167 4413 199 4447 en
212 4397 299 4462 gelida
311 4395 357 4448 tibi
368 4413 439 4450 moes
452 4403 492 4448 est
503 4403 607 4463 reperta
618 4397 726 4448 nolenti.

761 4495 789 4530 n.
804 4493 924 4532 neonus.

454 4547 495 4596 39.
514 4559 635 4598 nomeu.

447 4637 486 4688 De
504 4637 645 4688 Contende.

169 4731 270 4782 Probra
282 4728 370 4780 dicere
383 4727 510 4780 cameadi
521 4727 584 4794 quid
597 4742 671 4793 opus,
686 4729 815 4780 Camenai

167 4813 233 4872 Quis
245 4811 325 4873 enim,
336 4827 411 4878 rogo,
423 4810 507 4864 nescit
517 4819 547 4862 ut
557 4810 602 4863 ills
617 4826 707 4862 necem
718 4811 843 4863 timebatl

168 4897 223 4946 Lus
236 4895 304 4947 tabis
316 4894 385 4946 enim
398 4892 542 4960 phthisicus
552 4893 647 4944 misere
658 4894 792 4953 laborans,

169 4977 208 5028 sio
218 4976 286 5028 ieeee
296 4991 375 5027 mann
385 4976 511 5027 cenabat
520 4990 606 5040 opem.
619 4975 671 5026 Sed
682 4974 745 5026 olim

168 5061 261 5127 cyatho
275 5060 441 5127 Antipatrum
455 5060 563 5126 periisse
577 5075 676 5112 memor
688 5057 790 5120 ueneni,

168 5171 202 5185 -
218 5144 324 5206 allate,
341 5145 388 5204 ait,
408 5144 468 5196 dats
486 5145 521 5195 mi
543 5143 609 5210 quod
628 5150 654 5194 et
673 5144 729 5209 ipse
746 5143 842 5194 bibam.
862 5161 875 5188 ιι
895 5170 925 5183 ·-
951 5139 955 5248 1

1236 632 1279 685 ³8.
1300 628 1470 686 EJUSDEM.

974 758 1028 816 Cur
1038 775 1102 816 unm
1116 776 1199 816 senex
1213 759 1327 816 cum-sis
1337 765 1364 816 et
1375 759 1476 827 calvus,
1488 759 1588 826 Aristo,

974 852 1203 919 caput-summum
1217 846 1316 903 dedisti
1328 845 1378 904 soli
1392 847 1558 904 assandum?
1596 845 1600 854 '
1636 837 1640 846 ’

975 933 1078 990 sedicet
1089 933 1204 991 calidum
1218 933 1280 1007 plus
1294 951 1373 1006 quam
1389 941 1528 1008 oporteret
1541 951 1673 1006 quarens,

976 1017 1104 1093 frigidum
1119 1019 1210 1094 reipsa
1223 1020 1349 1094 reperisti
1362 1020 1457 1078 nolens
1470 1020 1578 1078 Orcum.

1235 1171 1278 1224 aa.
1299 1167 1473 1226 EJUSDEM.

1244 1275 1274 1324 ln
1290 1274 1460 1325 Carneadem.

977 1397 1048 1468 Quid
1071 1414 1114 1455 me
1137 1398 1313 1464 Carneadem,
1330 1398 1396 1472 quid
1409 1415 1461 1464 me,
1478 1398 1566 1467 Musa,
1579 1395 1620 1454 vis
1639 1397 1733 1454 redar-

1617 1481 1734 1556 [guero‘i

978 1571 1107 1628 Indoctus
1121 1575 1145 1628 is
1157 1577 1198 1628 est
1216 1569 1263 1645 qui
1276 1569 1345 1628 nihil
1364 1570 1432 1627 vidit
1445 1576 1612 1644 quantopere
1627 1571 1735 1626 timeret

978 1665 1091 1716 mortem
1114 1675 1121 1714 ι
1142 1657 1275 1733 siquidem
1304 1658 1443 1733 phthieioo
1457 1658 1592 1732 quondam
1607 1655 1734 1713 laborans

1606 1744 1735 1818 [pessimo

977 1836 1084 1903 morbo,
1105 1835 1215 1892 nolebat
1239 1833 1444 1892 dissolutionem
1466 1833 1536 1890 lesse
1559 1850 1566 1891 :
1589 1833 1636 1888 sed
1660 1848 1735 1887 cum-

1603 1917 1736 1992 [audisset

975 2026 1079 2068 veneno
1095 2009 1267 2084 Antipatrum
1282 2015 1363 2082 epoto
1377 2008 1539 2066 exstinctum
1558 2023 1628 2072 esec,

977 2119 992 2149 ι
1011 2097 1079 2153 Date
1093 2094 1186 2170 igitur,
1198 2095 1294 2170 inquit,
1310 2095 1416 2152 etmihi
1431 2095 1533 2168 aliquid
1548 2094 1707 2161 bibendum
1720 2115 1735 2144 ν

1496 2181 1542 2254 [-
1560 2179 1631 2250 Quid
1644 2181 1736 2237 certe?

932 2341 935 2347 Ι
977 2291 992 2322 ιι
1005 2268 1092 2344 quid?
1103 2290 1119 2321 ιι
1132 2301 1166 2311 -
1181 2291 1195 2320 ιι
1211 2269 1279 2325 Dete
1294 2267 1418 2325 mulsum.
1432 2269 1599 2342 »Valdeque
1616 2269 1737 2324 habebat

1515 2357 1733 2430 [promptshaecz

978 2467 993 2498 o
1008 2445 1113 2503 Nature
1121 2449 1313 2518 coagmentatis
1327 2461 1369 2501 me
1383 2452 1412 2502 et
1425 2445 1555 2502 dissolvet
1566 2461 1641 2502 sane.
1660 2463 1675 2498 s

977 2534 1066 2608 Atque
1081 2533 1105 2589 is
1118 2531 1226 2607 quidem
1249 2531 1335 2590 nihilo
1357 2531 1447 2588 minus
1467 2532 1536 2589 ahiit
1548 2532 1598 2589 oub
1611 2540 1699 2601 ωιτη

1524 2619 1634 2692 [licebat
1645 2624 1734 2676 autem
1828 2627 1833 2642 ·

979 2710 1058 2786 plura
1070 2708 1141 2767 mala
1155 2709 1258 2767 lucrato
1274 2712 1299 2766 si
1312 2708 1448 2782 proticisci
1462 2709 1497 2766 ad
1512 2709 1620 2766 Orcum.

1236 2852 1280 2906 io.
1301 2849 1473 2907 EJUSDEM.

1239 2957 1267 3006 In
1280 2955 1469 3007 Menedemum.

978 3081 1087 3150 Audivi,
1098 3080 1263 3150 Menedemo,
1277 3088 1353 3139 tuum
1365 3081 1461 3149 letum,
1472 3087 1503 3138 us
1511 3079 1604 3138 volens
1616 3081 1735 3138 exstinc-

1014 3169 1042 3225 in
1056 3169 1153 3224 diebus
1167 3176 1272 3242 septem
1286 3167 1352 3224 nihil
1364 3167 1518 3224 comedens.
1635 3169 1691 3240 [tus
1705 3184 1736 3224 es

980 3257 1045 3314 lnde
1056 3256 1161 3312 lacinus
1172 3254 1261 3311 iecisti
1269 3255 1446 3321 Eretrincum,
1461 3253 1510 3310 sed
1523 3258 1611 3310 lemen
1626 3270 1736 3327 panum-

1014 3341 1256 3416 animideliquium
1270 3341 1340 3397 enim
1354 3341 1410 3397 dux
1425 3339 1531 3414 impulit
1542 3347 1579 3398 te.
1626 3339 1712 3413 [virile
1727 3357 1734 3397 ι

1237 3491 1281 3546 it.
1302 3488 1473 3546 EJUSDEM.

1256 3596 1286 3646 iu
1307 3594 1467 3660 Menippum.

980 3721 1138 3782 phenicem
1153 3737 1263 3794 genere,
1279 3721 1326 3776 sed
1340 3719 1473 3776 Creticum
1486 3735 1589 3787 eonem,

983 3983 1013 3995 -
1028 3975 1041 4000 ι
1054 3955 1138 4004 Grave
1152 3948 1228 4001 melle
1241 3963 1350 3999 merum.
1365 3967 1377 3992 ι
1399 3947 1459 3998 Fuit
1475 3948 1524 3998 hoc
1541 3961 1642 4012 qnoque
1652 3946 1679 3995 ln
1693 3961 1739 3997 ore

1554 4031 1712 4094 [promptum
1729 4043 1736 4077 t

982 4145 1013 4158 ·-
1027 4139 1040 4164 ι
1053 4119 1154 4170 Meame
1165 4113 1260 4166 reunet
1273 4121 1375 4172 natura,
1388 4111 1479 4162 eadem
1490 4111 1610 4162 resolvet.
1623 4130 1635 4155 ι

981 4200 1155 4252 Nihilominus
1166 4197 1211 4248 ille
1222 4197 1370 4247 Acheronta
1382 4194 1456 4254 abiit,
1469 4193 1515 4244 sed
1528 4199 1589 4244 ante

980 4289 1092 4348 poterat,
1106 4281 1176 4332 mala
1186 4279 1269 4329 multa
1281 4276 1456 4336 lucrifaciens,
1470 4275 1566 4326 abisse.

1576 4374 1601 4408 n.
1615 4372 1736 4410 onorius.

1266 4427 1307 4476 lo.
1326 4439 1450 4474 nuenau.

1242 4525 1272 4575 ln
1289 4525 1475 4574 Meosedemstm.

980 4619 1060 4677 Scivi.
1072 4619 1233 4676 Menedemo,
1246 4629 1368 4681 suprema
1380 4621 1432 4674 tua,
1445 4613 1501 4680 ipse
1516 4622 1544 4665 ut
1556 4615 1625 4665 ultio
1639 4613 1717 4666 chisti

1014 4711 1113 4769 eeptem
1125 4701 1215 4750 silehue
1226 4699 1359 4750 abstinens
1371 4697 1442 4747 omni
1454 4697 1512 4746 cibo
1527 4711 1535 4748 τ

980 4786 1082 4838 facinus
1094 4799 1134 4834 nso
1148 4796 1254 4848 prossus
1265 4778 1411 4838 Eretricou,
1424 4778 1493 4828 haud
1505 4787 1592 4830 nmen
1605 4776 1679 4828 virile
1694 4793 1700 4826 :

1013 4882 1075 4920 nam
1089 4882 1186 4918 mnino
1199 4862 1280 4916 animi
1293 4871 1318 4914 te
1328 4878 1422 4927 regens
1436 4863 1486 4912 hue
1498 4860 1633 4925 compulit.

1437 4960 1508 4995 otoo.
1521 4959 1614 4995 ιιιαιτ.
1628 4960 1670 4995 an.
1682 4959 1738 4994 nto.

1269 5041 1310 5089 li.
1329 5051 1451 5090 moenaio.

1258 5131 1287 5180 ln
1305 5130 1463 5194 Menippum.

680 5230 703 5293 [ι
717 5227 783 5286 Quid
796 5227 899 5280 autenti
912 5246 924 5271 ι
952 5277 955 5292 ,
980 5223 1132 5278 Phoenicem
1147 5237 1251 5288 penore,
1266 5220 1395 5271 Creticum
1409 5234 1472 5270 vero
1484 5232 1584 5274 canem,

278 5353 446 5394 aaruotottla
466 5353 505 5394 tlt.

1599 5325 1633 5380 to
