4008 6030
571 469 696 533 GAPUT
724 471 788 530 vtt.
818 467 1086 536 Pitoututttut,
1117 468 1337 528 AENtGMATA.
1688 469 1742 526 565

216 607 300 683 χωρίς
317 605 364 681 μὲν
379 608 483 682 ταύρων
497 601 648 681 ζατρεφέων
663 603 790 682 ἀριθμόν,

177 785 261 860 χωρὶς
275 779 300 837 δ’
313 781 348 837 αὖ
364 781 474 851 θήλειαι
488 782 550 836 όσαι
563 781 632 836 κατὰ
647 784 748 857 χρῶμα
765 781 887 842 teucros,

137 958 169 1012 3⁰
219 959 269 1012 ούκ
281 955 366 1034 ἄϊδρίς
379 977 407 1012 κε
420 953 517 1032 tepor,
534 953 593 1012 οὐδ’
606 955 727 1033 ἀριθμῶν
747 953 845 1024 ἀδαὴς.

181 1131 219 1186 Ori
236 1132 290 1206 μὴν
300 1135 341 1185 πώ
356 1151 386 1206 γε
402 1134 493 1207 σοφοῖς
507 1129 669 1208 ἐναρίθμιος·
686 1130 750 1184 ἀλλ’
766 1129 804 1186 ίθι
820 1127 921 1208 φράζευ

186 1379 193 1396 '
218 1311 265 1363 καί
279 1305 338 1362 τάδ’
355 1309 390 1362 ἔτ’
406 1306 478 1362 ἄλλα
492 1306 564 1381 βοῶν
578 1291 685 1362 θελίοιο
700 1305 787 1376 πάθη.

180 1399 339 1473 Αργότριχις
352 1398 447 1473 ταῦροι
463 1397 509 1470 μἐν
527 1398 584 1452 ἐπεὶ
601 1391 725 1470 μιξαίατο
738 1393 846 1463 πληθύν

219 1575 353 1636 κυανίοις,
369 1572 468 1626 ἵσταντ’
485 1568 605 1646 ἐ’μόαδον
621 1572 759 1646 ἰσόμετροι

1023 616 1144 656 seorsum
1159 599 1265 674 quidem
1280 605 1418 654 taurorum
1433 597 1676 654 bene-nutritorum
1693 617 1744 654 nu-

1621 688 1742 756 [merum.

991 793 1166 848 seorsumque
1180 792 1286 830 rursum
1300 775 1419 830 seminem
1432 779 1498 844 quot
1510 781 1595 829 essent
1606 791 1638 827 ex
1656 773 1745 829 colore

1612 865 1744 936 {singulm

1027 968 1080 1007 non
1095 951 1207 1024 ignarus
1222 950 1331 1016 dicaris,
1347 967 1435 1023 neque
1451 968 1621 1006 numerorum
1640 951 1746 1023 imperi-

1692 1047 1745 1094 tus.

994 1127 1116 1182 Nondum
1129 1133 1218 1182 temen
1238 1125 1325 1180 doctis
1345 1123 1564 1180 annumerandus
1583 1141 1609 1180 es
1629 1041 1746 1181 :ulrum

1581 1213 1643 1284 [ege
1659 1213 1749 1284 cogite

965 1307 968 1357 Ι
1030 1310 1057 1358 et
1069 1302 1157 1358 hecco
1170 1301 1250 1356 etiem
1265 1299 1318 1356 elie
1331 1317 1391 1372 qum
1405 1298 1493 1354 bobus
1507 1299 1579 1354 Solis
1594 1299 1728 1356 accidunt.

995 1389 1130 1448 Candidos
1149 1389 1367 1462 pilos·hebentes
1385 1388 1455 1443 tauri
1478 1389 1585 1459 qumem
1605 1406 1665 1443 cum
1685 1388 1749 1443 mis·-

1436 1475 1538 1546 [oerent
1552 1474 1748 1529 multitudinem

1029 1563 1125 1635 nigris,
1140 1561 1408 1618 eibi-distribuebant
1422 1579 1511 1618 ereum
1526 1579 1751 1632 mensuro-equu-

1699 1649 1750 1722 [ies

141 1779 171 1823 35
185 1756 221 1818 εἰς
234 1753 327 1830 βάρος,
344 1757 379 1819 u<
394 1751 470 1832 εὖρός
487 1771 526 1808 τι.
542 1757 575 1808 τὰ
594 1752 617 1808 δ’
634 1751 667 1808 αὖ
682 1757 836 1830 περιμήκεα
851 1755 938 1820 πάντη
995 1739 1021 1792 in
1032 1737 1253 1810 profunditatem,
1268 1737 1349 1808 inque
1359 1734 1526 1790 latitudinem
1536 1735 1648 1798 :circum
1660 1744 1750 1793 eutem

220 1928 377 2006 πίμπλαντο
392 1929 498 2000 πλῆθυς
513 1931 659 2006 θριναιείης
670 1927 761 1985 πεδία.

183 2017 286 2074 Ξανθσί
300 2016 324 2072 δ’
339 2015 399 2073 αὖτ’
414 2021 450 2082 είς
464 2021 490 2072 tv
506 2021 552 2072 καί
566 2016 686 2072 ποικίλοι
700 2013 880 2092 ἀθροισθέντες

222 2107 321 2162 ἵσταντ’
336 2101 501 2181 όιμθολάδην
517 2101 544 2170 ἐξ
560 2107 617 2167 ίνδς
631 2107 791 2180 ἀρχόμενοι,
877 2125 878 2128 “

182 2199 235 2272 cpe,
242 2215 279 2269 μοι
289 2193 452 2257 τελειοῦντες
460 2195 490 2248 τό
501 2190 703 2270 τρικράσπεδον,
715 2191 776 2246 οὔτε
786 2193 937 2266 προσόντων

141 2388 169 2434 eu
220 2369 381 2446 ἀλλοχρόων
395 2373 510 2445 ταύρων,
529 2368 585 2423 οὔτ’
602 2366 825 2441 ἐπιλειπομένων.

178 2457 272 2513 Ταῦτοί
284 2453 447 2533 συνεξευρὼν
460 2459 507 2510 καί
522 2457 548 2510 ίν
563 2452 739 2532 πραπίδεσσιν
755 2451 891 2530 ἀθροίσας,

218 2548 264 2600 καί
277 2541 403 2614 πληθύων
418 2541 548 2610 ἀποδούς,
565 2539 586 2597 δι
602 2537 670 2608 ξίνε1
689 2546 776 2596 πάντα
793 2544 886 2616 μέτρα,

180 2633 258 2710 ἔρχεο
275 2630 390 2687 κυδιόων
403 2635 559 2708 νικηφόρος,
575 2628 632 2685 ἴσθι
646 2649 673 2684 τε
689 2633 792 2690 πάντως

219 2723 374 2796 κεκριμένος
387 2724 473 2795 ταύιη
485 2717 512 2794 γ’
529 2719 643 2793 ὄμπνιος
656 2720 682 2772 ἐν
697 2719 790 2791 σοφίη.

421 3011 709 3092 ΑΙΝΙΓΜΑΤΑ

382 3202 409 3268 o,
433 3199 456 3258 1.
480 3198 671 3255 uruuruou
695 3197 742 3274 (ν).

173 3335 259 3418 Ἀνδρ’
275 3339 345 3397 είδον
362 3343 427 3417 πυρὶ
439 3339 544 3417 χαλκόν
560 3340 601 3394 ἐπ’
617 3341 691 3415 ἀνίρι
702 3337 879 3408 κολλήσαντα

222 3429 292 3485 οὕτω
308 3427 464 3504 συγκόλλως
478 3428 544 3482 ὥστε
558 3431 677 3502 σύναιμα
689 3429 785 3484 ποιιῖν.

394 3587 422 3657 r,
444 3585 481 3642 ιι.
504 3583 732 3640 turicinum.

185 3721 248 3791 θστι
262 3739 338 3811 φύσις
352 3731 449 3803 θήλεια
468 3731 553 3810 βρέφη
568 3728 682 3797 σώζουσ’
698 3732 749 3784 ὑπὸ
761 3729 872 3793 κόλποις

186 3825 269 3892 αὑτῆς
282 3823 308 3898 γ’
325 3823 367 3876 θίν’
381 3823 415 3876 τδι
430 3819 454 3875 δ’
470 3823 565 3896 ἄφωνα
579 3819 648 3893 βοὴν
662 3820 752 3887 ἵστησι
765 3823 893 3894 γεγωνεῖν

187 4000 232 4052 καί
246 3995 291 4050 δεδι
305 4001 412 4051 πόντιον
427 3993 513 4070 οἶδμα
525 3997 571 4048 καὶ
583 3997 698 4070 ἠπείρου
715 3991 759 4048 διὰ
774 3997 863 4061 πάσης

187 4083 224 4148 οἷς
240 4082 326 4168 ἐθίλει
340 4082 454 4152 θνητῶν·
471 4085 525 4146 τοῖς
539 4078 563 4136 δ’
574 4083 605 4136 ού
620 4085 764 4157 παρέουσιν
780 4082 887 4134 ἀκούειν

161 4257 298 4347 5ἔξεστιν,
314 4259 408 4334 κωφὴν
424 4255 448 4312 δ’
464 4259 550 4327 ἀκοῆς
565 4255 687 4326 αἴσθησιν
701 4256 819 4331 ἔχουσιν.

413 4419 441 4486 8,
464 4415 513 4473 lll.
537 4423 717 4472 Τοειιτοι.

228 4555 334 4625 θήλεια
351 4557 398 4630 μίν
412 4559 478 4631 γοῦν
494 4555 549 4610 lom
564 4558 640 4630 φύσις
655 4551 796 4620 ίπιστολή,

230 4643 316 4720 βρέφη
333 4640 358 4696 δ’
374 4645 400 4696 ἐν
416 4645 486 4718 αὐτῇ
501 4645 636 4719 περιφέρει
650 4643 683 4696 τὰ
693 4643 857 4717 γράμματα

229 4733 323 4807 ἄφωνα
338 4727 362 4782 δ’
376 4729 418 4806 (ἂν
431 4733 464 4783 τὰ
480 4727 515 4805 δ’)
532 4731 594 4782 ὄντα
608 4733 663 4791 τοῖς
676 4733 767 4804 πόρρω
783 4725 864 4781 λαλεῖ

447 4971 693 5042 ᾹΞΝΙθλίΑΤΑ

462 5097 501 5152 to,
521 5093 553 5141 V.
571 5107 672 5144 ιιυιιυιι.

416 5177 444 5228 tn
458 5175 605 5242 lurrnpinem
620 5175 718 5224 cardui.

190 5268 257 5322 Nori
269 5285 327 5334 ego,
341 5269 382 5334 qui
395 5268 497 5334 jureuis
512 5267 598 5333 gravis
612 5276 659 5324 est,
673 5265 809 5330 seniorque
825 5264 881 5314 sine
898 5262 948 5314 elis

1315 1821 1523 1894 [longi-ordines
1537 1822 1572 1877 ab
1586 1823 1657 1877 omni
1673 1831 1751 1894 perte

1030 1911 1201 1985 complebunt
1215 1927 1327 1966 numero
1339 1911 1484 1966 Trinacriae
1498 1927 1618 1981 compos.

994 1998 1059 2055 uun
1074 2005 1163 2054 eutem
1178 2015 1284 2053 rursum
1299 1996 1327 2051 in
1342 2013 1423 2054 uuum
1439 2003 1466 2050 et
1480 1995 1611 2068 varieguti
1626 1995 1731 2052 denseti

1029 2103 1112 2142 se-se·
1119 2084 1302 2158 disponebant
1316 2083 1445 2156 paulatim
1461 2083 1495 2138 ab
1518 2099 1571 2138 uno
1586 2083 1749 2154 incipientes

994 2173 1109 2246 ligurem
1129 2173 1278 2228 efficientes
1297 2170 1468 2243 triquetram,
1489 2187 1547 2224 cum
1565 2187 1652 2242 neque
1672 2171 1751 2226 udes-

1680 2262 1750 2326 [sent

1028 2347 1128 2403 diversi
1144 2347 1242 2403 coloris
1256 2348 1338 2414 tauri,
1353 2364 1439 2419 neque
1455 2345 1582 2400 deessent
1598 2349 1651 2415 rufi
1665 2354 1690 2401 et
1708 2364 1754 2402 υιι-

993 2437 1049 2492 lste
1063 2454 1123 2491 cum
1138 2435 1273 2491 inveneris
1287 2442 1315 2490 et
1328 2435 1354 2489 in
1369 2441 1458 2490 mente
1470 2433 1620 2506 collegeris,
1633 2435 1751 2504 [rieqott.

1028 2532 1056 2580 et
1071 2522 1271 2582 multitudinum
1282 2520 1443 2586 reddideris,
1455 2521 1565 2592 hospes.
1576 2537 1668 2575 omues
1678 2537 1751 2576 men-

993 2612 1061 2667 vedc
1078 2611 1245 2684 te-jaotiteus
1259 2609 1354 2675 victor,
1371 2609 1494 2680 sciesque
1507 2608 1615 2663 omnino
1652 2608 1751 2678 [suras¹

1026 2699 1164 2772 judicatus
1178 2699 1228 2753 huo
1245 2714 1310 2752 sune
1324 2695 1451 2768 copiosus
1466 2695 1599 2750 doctrine.

1302 2855 1435 2865 —--—.-

1238 2989 1515 3073 mulctrum

1200 3193 1223 3252 ι,
1248 3191 1268 3243 ι.
1292 3187 1485 3244 uurruums
1505 3186 1547 3256 c).

998 3331 1135 3388 Hominem
1153 3331 1207 3386 viiti
1227 3347 1265 3384 aes
1282 3329 1345 3400 igne
1361 3327 1386 3381 in
1400 3327 1509 3382 homine
1525 3325 1754 3398 conglutinentem

1029 3419 1068 3475 ite
1081 3415 1317 3490 conglutinamini
1333 3422 1363 3469 ut
1377 3412 1582 3484 consanguineo
1597 3413 1708 3468 feceret.

1211 3578 1237 3638 7,
1258 3573 1293 3628 ΙΙ.
1314 3569 1543 3626 ΑΝΤΙΡΗΑΝΙΞ.

1001 3717 1047 3772 Est
1061 3723 1157 3772 nature
1172 3701 1297 3774 feminee,
1313 3709 1413 3765 liberos
1427 3724 1540 3764 seruans
1552 3707 1579 3761 in
1594 3706 1655 3762 sinu

999 3803 1161 3876 suo-ipsius;
1175 3799 1212 3854 illi
1223 3816 1287 3854 vero
1302 3799 1360 3852 sine
1370 3811 1435 3851 roce
1448 3795 1590 3850 clamorem
1603 3792 1700 3848 tollunt
1711 3794 1755 3865 qui

1640 3881 1755 3952 [resonet

1000 3987 1028 4036 et
1035 3987 1111 4036 trane
1122 3975 1196 4049 ponti
1205 3980 1347 4034 tumorem,
1362 3976 1389 4024 et
1397 3968 1577 4024 continentem
1588 3985 1755 4039 peromnem,

1000 4067 1099 4142 quibus
1113 4063 1170 4120 vult
1183 4059 1351 4132 mortalium3
1367 4057 1468 4132 quippe
1481 4065 1508 4112 et
1522 4055 1574 4111 iltis
1586 4057 1758 4128 quinon-ed·

1574 4144 1650 4214 [sunt
1664 4142 1757 4197 audire

1001 4240 1072 4305 licet,
1084 4246 1111 4295 et
1123 4238 1174 4293 illis
1184 4236 1230 4310 qui
1245 4235 1368 4290 hebetem
1384 4231 1508 4286 audiendi
1525 4248 1633 4286 sensum
1647 4229 1757 4284 hubent.

1245 4406 1270 4466 8,
1293 4401 1337 4454 ΙΙΙ.
1361 4407 1504 4451 urusunu.

1035 4554 1161 4612 Femineo
1175 4551 1283 4625 quidem
1301 4555 1344 4604 est
1357 4555 1454 4602 nutum
1469 4544 1594 4620 epistola,

1034 4640 1134 4695 liberos
1151 4643 1240 4693 autem
1254 4633 1280 4689 in
1297 4651 1325 4688 se
1344 4631 1499 4687 circumfert
1513 4629 1641 4684 litteras:
1693 4627 1757 4696 [tur.

1036 4727 1077 4782 hm
1092 4725 1150 4780 sine
1169 4740 1234 4777 voce
1255 4717 1377 4794 quamvis
1393 4716 1457 4780 sint,
1474 4715 1602 4770 absentes
1618 4712 1758 4783 alloquun-

1351 4867 1753 4884 -,-,,.-..---.-

1002 4968 1062 5018 iude
1076 4968 1145 5016 rotet
1158 4963 1257 5021 leviter,
1275 4973 1421 5022 tei-rumque
1434 4953 1596 5006 abscondidit
1609 4951 1702 5015 ipsum.

1541 5104 1602 5138 ΝΛΤ.
1620 5102 1653 5136 DE
1670 5099 1758 5135 cottt'r.
