4076 6022
277 457 314 514 18
709 457 970 518 ANTHOLOGIAE
992 459 1143 521 GRAECAE
1166 459 1398 522 APPENDlClS

313 585 392 643 τόνδε
408 592 535 668 Διωνύσῳ
552 589 638 670 δῶρον
654 589 738 648 ἔδωκε
751 590 841 657 Κλεώ,

275 675 375 733 οὕνεκα
390 683 566 754 συμποσίοισι
583 684 757 759 μετέπρεπεν·
774 679 821 736 ἶσα
838 678 868 736 δέ
879 681 964 738 πίνειν

310 766 388 830 οὔτις
402 770 428 822 οἱ
441 768 589 847 ἀνθρώπων
599 772 693 848 ήρισεν
709 767 823 846 οὐδαμοί
837 791 891 830 πω.

504 931 573 989 118.
596 931 818 991 aomanorum.

956 977 1034 1058 [δικ

1134 591 1237 647 δεεσσε
1249 591 1359 648 Baccho
1369 592 1441 648 douo
1453 592 1529 650 dedit
1539 593 1613 659 Cleo,
1638 595 1739 664 [autem
1749 593 1874 652 bibendo

1099 688 1247 755 propterea
1261 681 1334 754 qood
1350 681 1377 736 in
1394 681 1526 739 conviviis
1541 681 1692 738 excellebat
1708 699 1714 737 :
1731 683 1875 756 aequaliter

1135 769 1225 826 nullus
1241 770 1381 828 hominum
1395 789 1456 828 cum
1471 772 1534 846 ipsa
1548 773 1691 830 contendit
1703 791 1834 848 unquam.

1333 934 1393 987 118.
1414 929 1636 988 ANONYML'M.
1774 980 1875 1050 [remis

275 1055 443 1142 Artoarta]
459 1062 625 1143 παλρείγλωμ
640 1068 742 1137 κῆπον,
758 1061 839 1143 Eleos,
857 1069 938 1124 τοῦτο
959 1073 1047 1148 χαμά-
1101 1061 1260 1131 Dexteram‚
1276 1063 1436 1136 preteriens
1451 1064 1571 1132 hortum,
1587 1064 1701 1138 hospes,
1717 1065 1802 1123 hocce
1817 1073 1874 1123 tor·

318 1191 325 1207 .
351 1193 358 1207 .
384 1194 392 1208 .
413 1148 518 1228 χ]εύμα
533 1149 632 1216 λιπών,
650 1149 792 1230 ἀήραπδν]
809 1149 939 1220 έξανοὶθα.

275 1237 308 1293 Εἰ
324 1234 348 1292 δ’
366 1279 636 1299 .........
661 1243 708 1295 καί
721 1245 805 1320 πατρὶ
819 1243 916 1320 ἐπείγῃ

316 1328 384 1404 ίερά,
396 1326 466 1407 ciple]
481 1327 565 1400 λαίης
584 1327 660 1404 βαῖνε
678 1327 735 1408 [δι’]
753 1333 914 1407 αἱμασιέων.

1138 1190 1184 1207 ...
1201 1152 1312 1208 flumina
1327 1152 1433 1220 relicto,
1447 1170 1498 1227 per
1512 1153 1636 1210 semitam
1652 1155 1781 1212 ascende.

1101 1237 1131 1295 Si
1144 1256 1208 1296 vero
1212 1281 1362 1299 ........
1379 1251 1407 1299 et
1422 1241 1493 1316 patri
1508 1241 1750 1316 lacere-properas

1137 1345 1225 1396 sacra,
1243 1329 1310 1386 laem
1323 1330 1419 1386 incede
1434 1347 1484 1403 per
1498 1347 1590 1404 sepes.

276 1412 360 1472 Οὗτοι
373 1415 443 1500 κ[α]ί
460 1418 489 1496 μ’
504 1421 641 1496 ἐκάμοντο
657 1422 703 1475 τὸν
719 1422 746 1475 έν
760 1423 905 1497 γονάτεσσι
923 1423 1047 1500 Πρίηπον
1102 1415 1151 1473 Isti
1166 1423 1194 1472 et
1206 1434 1249 1472 me
1264 1417 1353 1474 fecere
1368 1417 1486 1492 genibus
1501 1417 1624 1474 innixum
1639 1419 1770 1494 Priapum

317 1508 383 1585 ἔργει
396 1511 444 1564 καὶ
460 1508 573 1586 βωμοὺς
587 1511 737 1585 συγγενέων
754 1509 865 1588 ίφορᾱν.

477 1669 546 1727 119.
569 1668 855 1730 ΕΡΑΤΟΣΘΕΝΟΥΣ.

277 1810 311 1867 ut
323 1807 407 1866 κύθον
424 1805 452 1876 ἐξ
467 1809 564 1888 ὀλίγον
581 1808 739 1882 διπλήσιον,
754 1809 775 1868 ὦ
792 1811 879 1890 ’γαθί,
893 1815 998 1892 τεύχειν

318 1903 444 1984 φράζεαι,
462 1905 482 1974 ἢ
498 1907 610 1983 στερεὴν
624 1909 714 1960 πᾶσαν
730 1907 756 1970 ῖς
768 1904 840 1962 ἄλλο
856 1910 934 1984 φύσιν

277 1993 306 2051 εὖ
318 1997 544 2074 μεταμορφῶσαι,
553 1991 616 2051 τόδε
624 1998 760 2074 τοιπάρα,
768 1995 818 2050 κᾶν
828 1999 898 2071 σύγε
910 1992 1045 2074 μάνδρην,

315 2087 335 2156 ἦ
352 2089 436 2163 σιρόν,
452 2083 472 2153 ἢ
487 2081 583 2139 κοίλου
599 2086 725 2161 φρείατος
739 2085 803 2162 εὐρὺ
818 2087 909 2149 κύτος,

276 2170 338 2250 τῇδ’
355 2175 572 2250 ἀναμετρήσαιο,
593 2176 677 2248 μέσας
692 2173 736 2228 ὅτε
748 2176 878 2250 τέρμασιν
895 2173 987 2252 ἄκροις

316 2258 510 2339 συνδρομάδας
524 2258 623 2316 δισσῶν
638 2263 711 2324 ἐντός
728 2259 795 2338 έλης
808 2266 940 2321 κανόνων.

277 2348 355 2423 Μηδὲ
368 2355 401 2407 σύ
412 2352 439 2427 γ’
452 2333 581 2429 Ᾰρχύτεω
598 2347 767 2427 δυσμήχανα
783 2351 849 2428 ίργα
863 2349 1024 2430 κυλίνδρων,

320 2437 391 2516 μηδὲ
407 2441 594 2517 Μενεχμείους
608 2442 775 2514 καινοτομεῖν
791 2436 902 2516 τριάδας

277 2523 383 2598 δίζηαι·
404 2523 471 2602 μηδ’
486 2527 510 2583 εῖ
524 2547 549 2582 τι
564 2524 691 2592 θεουδέος
707 2522 841 2593 Εὐδόξοιο
959 2581 962 2590 ,

233 2633 263 2682 to
317 2613 465 2693 καμπύλον
480 2617 507 2671 ἐν
520 2619 665 2696 γραμμαῖς
679 2613 750 2680 εἶδος
764 2619 960 2695 ἀναγράφεται.
1010 2663 1012 2666 .

277 2702 370 2769 Τοῖςδε
386 2705 458 2780 σύγ’
475 2706 502 2760 ἐν
516 2709 658 2761 πινάκεσσι
672 2708 833 2783 μεσογράφα
847 2709 930 2783 μυρία
940 2709 1048 2782 τεύχοις

318 2797 378 2873 ῥεῖά
392 2814 449 2865 κεν,
463 2795 493 2848 ἐκ
507 2798 615 2872 παύρου
629 2793 767 2870 πυθμένος
781 2796 945 2872 ἀρχόμενος.

278 2884 385 2938 Εὐαίων
401 2882 557 2959 Πτολεμαῖε
570 2887 673 2961 πατήρ,
691 2884 733 2938 δἐι
748 2880 827 2938 παιδί
842 2879 967 2953 συνηθῶν

317 2972 397 3029 πάνθ’
414 2975 465 3030 ὅσα
480 2976 527 3028 καί
539 2975 660 3038 Μούσαις
673 2975 720 3028 καὶ
735 2971 878 3048 βασιλεύοι
894 2975 962 3051 φίλα

235 3073 265 3124 15
279 3067 360 3132 αὐτὸς
375 3064 516 3144 ἐδωρήσω·
533 3067 564 3120 τό
580 3063 603 3120 δ’
616 3067 641 3130 ἐς
654 3065 776 3145 θστερον,
794 3068 903 3144 οὐράνιε
918 3067 980 3137 Ζεῦ,

318 3160 365 3213 καί
377 3161 521 3232 σκήπτρων
537 3157 566 3210 ἑκ
582 3159 631 3225 σῆς
646 3157 780 3210 ἀντιάσειε
795 3159 888 3232 χερός.

1137 1521 1222 1580 opera
1236 1522 1316 1562 socru
1329 1515 1357 1564 et
1369 1524 1432 1563 aras
1447 1515 1627 1580 cognatorum
1645 1509 1849 1569 observantem.

1305 1671 1364 1725 llll.
1384 1667 1670 1728 ERATOSTHENIS.

1101 1808 1131 1865 Si
1145 1809 1246 1866 cubum
1260 1797 1294 1865 e‘x
1309 1810 1413 1868 minore
1426 1809 1574 1884 duplicem,
1590 1829 1607 1868 ο
1621 1811 1703 1880 bone,
1721 1813 1810 1872 lacere

1137 1897 1259 1973 cogitas,
1273 1915 1324 1954 seu
1339 1898 1454 1956 solidam
1469 1917 1577 1956 omnem
1596 1908 1721 1958 naturam
1743 1902 1770 1959 in
1789 1904 1873 1961 aliam

1741 1991 1871 2062 [tauram

1101 2075 1171 2134 bene
1191 2075 1399 2143 transformare,
1419 2076 1504 2134 hocce
1521 2076 1570 2134 tibi
1589 2081 1802 2136 instrumentum
1821 2083 1872 2139 ad-

1473 2167 1535 2238 [est,
1551 2167 1609 2222 sive
1625 2175 1654 2223 tu
1670 2183 1735 2224 sane
1751 2176 1872 2242 septum,

1137 2251 1298 2316 sutanum,
1317 2258 1365 2309 aut
1381 2249 1510 2325 prolundi
1533 2251 1608 2326 putei
1628 2252 1711 2311 latam
1726 2255 1874 2313 cavitatem

1654 2381 1657 2387 -
1757 2347 1873 2415 [metim

1101 2431 1154 2488 hac
1167 2433 1273 2488 rollone
1284 2429 1429 2497 metireris,
1445 2427 1553 2486 medias
1568 2447 1630 2485 cum
1646 2431 1770 2486 terminis
1785 2440 1876 2489 extre·

1136 2528 1328 2577 concurrentes
1342 2519 1414 2575 inter
1428 2519 1497 2575 duas
1511 2519 1662 2592 sumpseris
1676 2521 1796 2592 regulas
1810 2520 1874 2594 [mis

1101 2609 1196 2684 Neque
1209 2617 1239 2667 tu
1254 2608 1363 2683 quidem
1377 2608 1506 2682 Archyta
1518 2607 1772 2664 difficilia-tractatu
1788 2627 1876 2682 opera

1666 2697 1872 2771 [cylindrorum

1137 2807 1224 2866 neque
1239 2789 1426 2848 Menechmias
1439 2796 1497 2847 tres
1511 2789 1573 2846 coni
1588 2790 1725 2848 sectiones

1101 2899 1223 2958 quaeras3
1239 2898 1329 2955 neque
1343 2881 1366 2936 si
1380 2897 1436 2954 qua
1449 2879 1489 2954 pii
1502 2879 1609 2936 Eudoxi

1135 2971 1163 3026 in
1177 2969 1256 3027 lincis
1270 2987 1353 3027 curva
1366 2969 1456 3042 figura
1469 2968 1644 3026 describitur.

1098 3059 1178 3117 Hisce
1191 3066 1223 3117 tu
1237 3058 1347 3134 quidem
1364 3075 1399 3115 ex
1413 3056 1515 3114 tabulis
1529 3058 1636 3114 medias
1651 3064 1875 3135 proportionales

1591 3148 1758 3219 [innumeras
1773 3151 1874 3211 leceris

278 3247 374 3302 Καίτὰ
388 3249 435 3321 μέν
445 3247 479 3308 ὣς
488 3243 707 3319 τελέοιτο·λέγοι
716 3241 792 3306 δέτις
800 3242 906 3320 ἄνθεμα
912 3242 1044 3300 λεύσσων·
1138 3237 1227 3308 facile,
1243 3252 1354 3311 sparvo
1370 3235 1546 3292 fundamento
1559 3234 1704 3310 incipiens.

318 3337 372 3392 Τοῦ
387 3337 545 3413 Κυρηναίου
559 3332 633 3390 τοῦτ’
647 3317 873 3412 Ερατοσθενέους.

505 3939 569 3999 tto.
591 3938 811 3997 ΑΔΕΣΠΟΤΟΝ.

277 4203 382 4261 Βουλαί
399 4205 447 4281 μὲν
460 4205 508 4260 καί
523 4201 620 4267 ἄεθλα,
635 4206 682 4258 καί
695 4205 712 4258 ἁ
727 4206 789 4281 περὶ
802 4187 928 4264 littero<
940 4197 1013 4254 άλκόι

315 4291 390 4350 τοῦδ’
408 4291 505 4371 ἀνδρὸς
520 4290 632 4356 στάλαις
645 4290 781 4347 πλάθεται
796 4276 962 4368 Προκλέους·

276 4385 368 4461 ἄμμες
382 4380 407 4438 δ’
424 4383 517 4447 εἰκόν’,
534 4364 633 4459 lpum,
650 4384 724 4444 τεάν,
742 4385 850 4434 νόστοιο
864 4381 1002 4456 τυχόντες,

316 4476 454 4549 στάσαμεν
468 4470 524 4525 ἀντ’
541 4470 638 4546 ἀρετᾶς
650 4465 703 4538 ἠδὲ
719 4465 893 4532 δικαιοσύνας

245 4570 260 4618 5
276 4568 408 4640 σωτῆρος,
426 4564 546 4638 σωτῆρσι
560 4557 641 4630 θεοῖς,
659 4557 701 4612 δτι
718 4553 829 4635 πατρίδι
841 4559 878 4633 τᾷ
891 4559 927 4632 σᾷ

316 4652 405 4729 δᾶμον
416 4652 486 4715 ἴσον,
503 4648 577 4704 θείαν
592 4649 615 4702 τ’
632 4647 744 4712 ὤπασας
757 4648 898 4722 εὐνομίαν.

578 4883 764 4941 tut.naao.

274 5019 378 5097 Πατρός
391 5014 537 5096 ἀριζήλοιο
553 5013 722 5092 Πολυκρίτου
738 5010 784 5069 υἷα
800 5015 846 5070 σὺν
861 5013 935 5090 ἵππῳ

307 5271 375 5306 nunc
390 5254 497 5306 Bromio
510 5251 611 5304 Bromii
624 5252 669 5303 dat
684 5251 801 5302 studioso
814 5251 885 5310 Cleo,

275 5349 416 5409 propterea
427 5339 455 5391 in
467 5355 559 5391 mensa
570 5341 637 5390 bene
650 5338 720 5404 quod
735 5353 763 5388 se
776 5334 867 5402 gessit,
881 5342 908 5386 et
922 5335 988 5386 alter

1102 3330 1124 3387 Ο
1139 3327 1205 3385 felix
1220 3325 1269 3383 avi
1279 3325 1426 3382 Ptolemae
1437 3331 1526 3398 pater,
1538 3343 1599 3380 com
1610 3325 1658 3382 ulii
1669 3327 1770 3386 sodalis
1785 3347 1873 3405 egens

1137 3415 1229 3474 omnia
1242 3432 1302 3488 qum
1316 3419 1344 3470 et
1358 3413 1446 3470 illusis
1459 3419 1486 3470 et
1500 3414 1614 3488 regibus
1628 3417 1799 3485 amicasunt,

1103 3507 1162 3580 ipse
1177 3502 1338 3572 donaveris;
1358 3502 1461 3559 utinam
1476 3502 1504 3558 in
1519 3511 1671 3577 posterum,
1687 3507 1807 3566 coelestis
1822 3509 1873 3566 Ju-

1138 3602 1166 3652 ct
1179 3600 1289 3668 sceptra
1303 3609 1320 3648 a
1333 3598 1382 3648 tua
1396 3590 1513 3664 accipiat
1527 3609 1619 3650 monn.
1776 3597 1872 3671 [piton

1103 3684 1166 3740 Haec
1173 3681 1284 3756 quidem
1291 3680 1330 3737 ita
1338 3679 1503 3749 alliciantur,
1513 3679 1712 3758 dicatquequis
1726 3685 1873 3743 donarium

1137 3767 1259 3845 Cyrenai
1274 3767 1327 3825 hoc
1340 3775 1384 3824 est
1398 3767 1601 3826 Eratosthenis.
1659 3773 1723 3844 [hoc
1736 3773 1847 3832 intuens
1865 3793 1872 3832 :

1338 3923 1399 3977 tat.
1418 3919 1639 3980 tuuutttut.

1301 4047 1331 4097 ln
1345 4047 1422 4098 Arati
1433 4046 1575 4098 simulacro
1588 4063 1671 4099 aeneo.

1102 4187 1222 4248 Consilia
1233 4185 1343 4261 quidem
1356 4191 1384 4241 et
1396 4184 1556 4256 certamina,
1567 4194 1595 4243 et
1607 4203 1657 4260 pro
1668 4187 1773 4246 Gracia
1784 4191 1874 4251 virtus

1137 4277 1253 4352 hujusce
1267 4273 1319 4330 viri
1330 4265 1463 4330 columnis
1478 4274 1684 4350 appropinquat
1700 4279 1825 4338 Herculis
1840 4300 1847 4339 ι

1100 4384 1151 4424 nos
1161 4373 1253 4422 autem
1263 4360 1421 4437 imaginem,
1431 4363 1525 4430 Arcu,
1540 4369 1625 4434 tuam,
1636 4366 1754 4424 reditum
1765 4371 1871 4446 adepti,

1136 4453 1292 4522 statuimus,
1308 4468 1359 4526 pro
1374 4450 1475 4507 virtute
1491 4457 1574 4526 atque
1585 4453 1694 4526 justitia
1806 4463 1872 4533 [tuac

1100 4552 1148 4602 tua
1157 4542 1246 4618 ipsius
1256 4538 1416 4606 servatoris,
1428 4541 1615 4598 servatoribus
1625 4543 1689 4611 diis,
1700 4547 1765 4620 quia
1774 4550 1873 4623 patriae

1136 4633 1268 4709 populum
1283 4629 1576 4704 raquo-jureutentem,
1585 4629 1758 4708 divinamque
1770 4635 1873 4695 dedisti

1540 4717 1871 4796 [bonorum-legumvim.

1395 4868 1455 4924 1¹21,
1475 4869 1576 4914 ALIUD.

1100 4997 1192 5056 Patris
1208 4997 1368 5057 valde-clari
1382 4999 1513 5074 Polycriti
1527 4999 1612 5056 filium
1627 5017 1687 5055 oum
1702 5017 1772 5074 equo

1135 5249 1283 5330 necpotuit
1296 5257 1408 5312 tantum,
1425 5257 1480 5303 tam
1495 5249 1548 5302 cito
1559 5266 1609 5302 nec
1623 5249 1723 5303 bibere.

1798 5354 1825 5388 u.
1842 5353 1868 5388 ο.
