4116 6022
594 455 718 516 CAPUT
740 454 777 517 V.
800 448 1083 514 EPIGRAMMATA
1102 449 1307 512 lunisonis.

201 588 306 647 θλωλεν
318 590 338 660 ἡ
351 584 499 654 παίδευσις,
517 584 583 657 ίαύη
598 590 645 643 καὶ
657 585 751 663 λόγος,

202 675 319 756 φροῦδος
333 674 362 733 tt
376 678 424 732 καί
434 679 507 740 νοῦς,
524 677 629 753 οίχεταε
640 675 749 753 θεωρία,
837 701 840 710 ·

137 748 153 792 ⁵
201 764 328 822 λίλοιπιν
342 761 477 836 εὐαίθτια,
492 765 540 818 καί
552 762 705 833 ττλεατική·

203 851 281 930 θίμις
293 851 319 908 δ’
333 855 436 922 άπίατη
452 853 499 908 καὶ
510 848 573 923 δίκη
588 853 636 907 καί
648 854 702 908 πᾶν
715 848 813 918 καλόν,

201 937 417 1020 παρρησιάζεται
431 937 461 995 at
474 942 522 995 νῦν
535 941 698 1018 πανουργία,

201 1031 250 1085 καί
263 1025 363 1106 ψεῦδος
374 1029 464 1106 άρχει,
480 1028 528 1082 καί
539 1029 662 1104 τυραννίς
674 1027 722 1083 καί
737 1023 796 1102 βία·

202 1117 277 1194 ίρπει
291 1113 321 1172 δί
333 1116 400 1194 πρὸς
412 1117 467 1170 πάν
481 1113 552 1171 θεῖον
567 1115 646 1193 άργον
660 1115 676 1170 δ
691 1111 799 1192 ρθόνος,

201 1207 251 1274 τῆς
265 1200 420 1267 δυααεόείας
430 1205 568 1273 ἠνίωκται
580 1203 612 1257 τό
624 1205 724 1278 στόμα·

202 1289 305 1370 ροιθδτϊ
316 1289 346 1348 tt
356 1287 459 1370 χανδόν
472 1292 492 1362 ἡ
505 1287 640 1370 Χάρυόδις
652 1293 702 1360 τῆς
714 1288 831 1362 πλάνης,

202 1382 264 1457 ίμτῖ
277 1378 306 1436 at
318 1382 370 1444 πᾶς
380 1398 420 1443 τις
433 1377 560 1457 δόγματα
574 1375 685 1456 βλααρη
691 1379 763 1456 μίας.

398 1520 446 1580 59.
467 1516 685 1575 ΑΔΕΣΠΟΤΟΝ.

338 1633 379 1689 nte
392 1631 450 1688 τοὺς
462 1631 555 1696 euenire
566 1631 615 1682 τῶν
633 1631 745 1688 Ἀθηνῶν.

203 1752 237 1809 ot
249 1755 301 1808 τῶν
315 1735 429 1824 Ᾰθηνῶν
443 1753 598 1829 εὐατομεῖττ
612 1753 675 1816 τοὺς
688 1749 776 1807 πάλαι

203 1843 313 1918 σοροὺς,
331 1838 489 1912 Πλάτωνας,
505 1841 567 1896 Σωκ
583 1841 666 1911 άττις,
682 1837 869 1916 Ξενοκράτεις,

202 1914 381 2007 Ἐπικούρους,
396 1927 551 2007 Πύρρωνος
567 1859 760 2006 δριατοτίλεις·

203 2017 260 2074 Οὐκ
274 2016 344 2072 ίατιν
360 2015 434 2093 θμϊν,
449 2013 524 2086 πλὴν
536 2001 662 2092 Ῡμηττδς
674 2017 722 2072 καί
737 2013 810 2091 μίλι,

203 2102 287 2174 θῆκαί
299 2123 329 2160 τε
341 2105 453 2181 νεκρῶν,
469 2106 522 2160 τῶν
537 2107 627 2181 neque
640 2105 676 2159 τά
689 2106 843 2180 πνεύματα·

202 2189 283 2249 πολεῖ
296 2191 360 2270 παρ’
373 2192 443 2268 ἡμίν
457 2193 554 2264 πίστις,
571 2192 604 2248 οὐ
620 2193 701 2270 αοροί
712 2189 804 2268 λόγοι.

471 2429 520 2488 60.
529 2437 627 2488 Addo.

398 2543 439 2600 se
449 2541 521 2598 νίοις
533 2541 688 2607 φιλοσόφους.

203 2661 260 2719 Οὐκ
272 2661 341 2717 ίατιν
356 2662 426 2740 ἀνὴρ
440 2661 470 2727 δς
482 2663 574 2739 τορός·
590 2661 672 2740 αορδς
683 2658 709 2716 δ’
721 2660 794 2726 οὔτις

202 2749 273 2813 θάτις
287 2747 346 2826 μετ’
361 2745 466 2827 ἀνδρῶν
478 2749 595 2806 ίαταται·
611 2749 692 2819 καινὴ
708 2751 786 2827 μάχη

201 2838 253 2893 τῶν
267 2839 380 2914 άριτῶν·
396 2839 423 2894 τί
436 2838 511 2915 ρημί
522 2833 548 2892 δ’
562 2837 644 2901 αύτάς
657 2837 694 2900 ὥς
710 2835 816 2914 βραχύς

202 2955 241 2968 -
252 2926 285 2980 st
297 2928 349 2990 πάς
361 2926 444 3004 αορδς
459 2922 548 2990 δτιλός
560 2945 610 2993 τις,
626 2926 655 2990 θς
669 2923 759 2990 δτιλδς
772 2928 865 3003 τορός.

460 3067 509 3124 δά.
525 3073 621 3123 addo,

163 3183 188 3253 Ω
205 3215 253 3274 μοι
265 3197 317 3273 ἑγὼ
334 3195 441 3272 μίλτος·
455 3198 482 3252 τί
492 3197 621 3272 γυναικός
632 3199 759 3274 κύντερον
774 3193 856 3263 άλλο,

162 3283 182 3352 ἥ
200 3280 307 3360 μᾶλλον
320 3284 347 3338 τί
357 3285 458 3360 τύχης;
473 3284 533 3338 τίνα
548 3302 582 3360 με
595 3285 667 3360 χρῆν
680 3281 869 3355 αἱτιάοααθαι;

163 3353 321 3448 Ᾰμροτίρας
331 3371 388 3448 χρὴ
405 3372 503 3446 μιαιίν,
518 3371 672 3448 άμρότεραι
683 3368 803 3442 θήλειαι.

162 3442 240 3513 itta
252 3462 339 3535 τύχης
355 3458 402 3534 μίν
417 3458 496 3534 ίμῆς,
511 3457 562 3515 Oai
576 3455 707 3537 άμύροτε,
721 3461 760 3536 μή
778 3455 924 3536 μεταδοίης

139 3542 290 3623 ,ἀνδράσιν
305 3543 422 3625 ίχθροῖς,
438 3547 475 3610 τίς
488 3547 538 3624 un
552 3545 634 3603 πόλλ’
649 3542 813 3626 ίὶυόρίοατι,

162 3631 277 3689 πλείονα
292 3629 440 3711 δυατιιχίης
451 3634 503 3704 τὴν
516 3635 646 3712 ιύινχίην
658 3639 843 3714 παρεχούσης·

161 3723 212 3790 τήν
227 3717 257 3777 δί
273 3723 400 3778 σύνευνον
411 3723 514 3792 ταύτην
529 3723 577 3777 καί
589 3719 697 3799 ἀγαθὴν
711 3725 871 3800 παράκοιτιν

164 3807 270 3886 ἐχθροῖς
282 3810 330 3864 καί
340 3810 443 3874 τίκνοις
456 3805 560 3886 ἐχθρῶν
574 3811 704 3888 παρίχοις
718 3809 869 3887 ὁμόκοιτιν.

467 4124 515 4182 69.
531 4131 628 4182 Addo.

197 4233 242 4292 ste
253 4251 308 4285 τινα
321 4233 469 4286 carettum
480 4236 514 4292 είς
527 4233 631 4286 Ἐλλάδα
644 4235 685 4286 καί
699 4237 892 4302 εἰγροικιτθίντα.

203 4420 243 4478 Οὐ
262 4415 405 4498 βαρόάριον
418 4421 483 4496 γῆν,
499 4417 563 4475 ἀλλ’
578 4417 643 4474 ἰδὼν
656 4422 707 4491 τὴν
720 4409 844 4498 Ελλάδα,

204 4505 398 4586 ίδαρθαριόδης
409 4509 457 4562 καί
469 4505 553 4583 λόγον
567 4510 615 4562 καί
627 4510 673 4565 τδν
685 4513 795 4588 τρόπον.

467 4651 519 4713 63.
533 4662 627 4716 asso.

203 4785 260 4855 Τὴν
274 4786 373 4862 ἀρετὴν
388 4783 453 4863 χθθς
464 4783 536 4843 είδον
550 4789 578 4842 δν
595 4789 665 4866 μίοη
679 4786 760 4843 πόλει

206 4871 437 4953 μελαμροροῦααν
450 4877 498 4930 καί
510 4879 658 4952 κατηφείας
672 4875 753 4946 δλην·

208 4982 223 5015 ιι
237 4962 270 5016 Τί
278 4958 333 5033 δ’,ν
343 4961 648 5039 ἠρόμην,απίπονθας;
657 4947 748 5018 citat·
757 4965 922 5042 ιινῦνίγνως·

208 5069 224 5102 ιι
237 5047 340 5127 τόλμα,
357 5052 495 5126 φρόνησις,
510 5052 606 5126 γνῶσις
620 5052 647 5106 ίν
661 5053 719 5115 ταῖς
731 5055 850 5128 γωνίαις·

142 5163 156 5210 5
209 5158 224 5192 ιι
239 5138 336 5214 άγνοια
351 5135 376 5192 δ’
391 5139 471 5215 άρχει
485 5140 532 5194 καί
547 5136 616 5216 μίθη
632 5141 680 5194 καί
693 5137 791 5198 δειλία,
808 5161 823 5194 n

1679 456 1735 514 45³

1011 588 1083 660 perit
1096 587 1227 653 doctrina,
1243 587 1378 646 exstincta
1391 595 1433 645 est
1447 586 1526 655 ratic,

1011 675 1079 732 abiit
1093 680 1121 732 et
1134 693 1220 741 mens,
1233 675 1349 732 discedit
1363 676 1568 750 contemplatio;

1012 760 1104 820 dedcit
1117 761 1206 836 pietas
1220 770 1249 819 et
1261 762 1386 820 initiandi
1401 764 1515 822 scientia
1531 783 1538 822 :

1008 849 1117 922 justitia
1130 849 1238 926 aufugit
1253 855 1281 907 et
1293 851 1407 926 aequitas
1421 859 1449 908 et
1463 852 1594 928 quidquid
1613 854 1737 928 pulcrum

1012 936 1242 1012 iihereeloquitur
1255 955 1326 995 nunc
1339 937 1470 1012 nequitia,
1673 943 1736 1016 [est.

1012 1031 1040 1082 et
1053 1025 1222 1082 mendacium
1235 1033 1342 1100 regnat,
1359 1032 1387 1083 et
1399 1026 1523 1100 tyrannis
1537 1035 1565 1085 et
1579 1027 1621 1084 vis
1635 1045 1642 1083 ε

1012 1111 1084 1187 rapit
1094 1112 1176 1171 etiam
1190 1113 1225 1170 ad
1240 1130 1318 1170 omne
1332 1113 1452 1170 divinum
1466 1131 1537 1189 apua
1549 1114 1661 1182 invidia,

1011 1199 1160 1275 impietatis
1173 1207 1296 1275 apertum
1310 1208 1354 1257 est
1366 1217 1412 1268 cs;

1012 1287 1095 1345 latrat
1107 1293 1136 1344 et
1148 1285 1402 1344 diductis-faucibus
1416 1285 1569 1361 Charybdis
1583 1288 1693 1352 erroris,

1011 1374 1149 1450 vomitque
1165 1371 1351 1448 unusquisque
1365 1373 1466 1447 placita
1481 1373 1737 1432 maledicmmentis.

1239 1520 1282 1573 59.
1302 1516 1478 1573 ΑΝΟΝΥΜΙ.

1173 1625 1203 1674 In
1218 1623 1351 1690 sapientes
1363 1625 1535 1675 Athenarum.

1013 1749 1064 1820 Qui
1072 1750 1239 1808 Athenarum
1249 1748 1315 1806 estis
1325 1751 1354 1824 (τ’.
1366 1765 1389 1807 e.
1403 1748 1593 1822 Athenienses)
1605 1750 1739 1808 celebrate

1013 1927 1161 2000 sapientes,
1178 1925 1317 1992 Platones,
1332 1924 1470 1992 Socrates,
1485 1839 1741 1994 θίαοοιιεοθθδῗαπΘΕ

1014 2021 1156 2096 Epicuros,
1172 2021 1340 2095 Pyrrhones,
1355 2021 1518 2079 Aristoteles
1534 2039 1541 2079 ε
1663 2025 1738 2097 [met

1013 2127 1068 2168 unu
1086 2109 1157 2167 euim
1175 2108 1254 2167 vohis
1274 2117 1317 2167 est
1334 2111 1413 2167 uliud
1430 2117 1530 2184 preter
1550 2111 1694 2185 Hymettue
1713 2123 1741 2170 et

1013 2198 1146 2272 leculique
1158 2205 1337 2264 mertuorum,
1352 2198 1516 2272 sapientium
1529 2199 1664 2274 spiritua:

1013 2293 1139 2345 versatur
1150 2286 1224 2361 apud
1236 2303 1286 2344 rna
1299 2285 1377 2352 fides,
1393 2303 1448 2343 non
1462 2285 1598 2360 sapientia
1611 2289 1703 2347 rerba.

1282 2438 1326 2493 όύ.
1345 2444 1445 2489 aarum

1200 2542 1229 2593 ln
1245 2511 1518 2607 nerea-philosaphoe.

1015 2672 1075 2728 Non
1087 2675 1129 2727 est
1140 2668 1180 2726 vir
1188 2667 1235 2742 qui
1245 2667 1355 2742 sapiens
1365 2673 1418 2731 est:
1427 2666 1538 2740 sapiens
1548 2673 1638 2724 autem
1650 2667 1740 2724 nullus

1013 2755 1137 2833 quiaquia
1150 2755 1221 2812 inter
1234 2754 1307 2811 viros
1319 2753 1413 2812 existit
1428 2772 1435 2810 :
1449 2771 1521 2811 nova
1533 2771 1627 2828 pugna

1012 2845 1143 2902 virtutum
1157 2860 1165 2900 :
1180 2842 1246 2918 quid
1259 2841 1355 2916 loquer
1367 2849 1457 2899 antem
1469 2842 1528 2916 ipae
1544 2849 1573 2898 ut
1586 2841 1688 2898 breve?

1012 2933 1042 2990 Si
1052 2933 1138 2990 omnis
1150 2929 1260 3005 sapiens
1270 2929 1410 3005 improbus
1419 2937 1469 2997 est,
1480 2929 1526 3005 qni
1537 2929 1676 3003 improbus
1690 2937 1739 2996 cst,

1273 3074 1303 3128 6,
1336 3080 1427 3124 mun
1555 3017 1676 3092 [sapiens
1691 3025 1739 3075 est.

979 3198 1052 3256 ueut
1064 3213 1106 3254 me
1115 3194 1257 3252 miserum!
1267 3194 1332 3268 quid
1341 3193 1452 3252 muliere
1462 3194 1646 3270 impudentius
1656 3195 1739 3262 aliud,

978 3292 1026 3344 aut
1044 3283 1136 3360 petius
1150 3281 1216 3357 quid
1232 3283 1342 3340 iertuna
1359 3282 1565 3353 impudentius?
1583 3283 1669 3352 Quam
1688 3301 1741 3356 ego

1397 3371 1554 3444 [oportebat
1567 3371 1742 3428 accusarem?

979 3461 1126 3535 Utramque
1140 3465 1249 3534 oportet
1262 3457 1362 3524 odisse,
1378 3467 1492 3533 utreque
1507 3457 1607 3516 iemina
1621 3466 1670 3516 est.

978 3551 1033 3608 Sed
1041 3567 1076 3607 ne
1085 3549 1199 3607 iortunm
1209 3547 1318 3620 quidem
1328 3564 1405 3614 mee,
1415 3547 1488 3604 Deus
1498 3547 1666 3612 immortalis,
1679 3565 1740 3621 par-

1534 3635 1743 3709 [ticipes-iecias

979 3726 1052 3783 viros
1065 3724 1199 3792 inimicos,
1215 3725 1261 3798 qui
1273 3723 1339 3780 mihi
1354 3740 1427 3796 sepe
1442 3723 1494 3778 vim
1510 3722 1635 3788 intulere,

979 3829 1040 3887 que
1050 3812 1113 3888 pius
1123 3811 1260 3870 felicitatis
1272 3827 1353 3885 quam
1368 3811 1483 3868 miserim
1497 3809 1564 3866 mihi
1579 3811 1683 3885 prebet
1698 3828 1707 3869 t

980 3901 1051 3956 hanc
1064 3907 1154 3956 autem
1169 3899 1314 3973 conjugem
1327 3915 1359 3954 ac
1374 3898 1473 3954 bonam
1486 3914 1598 3956 uxorem

979 3985 1095 4044 inimicia
1104 3985 1326 4058 inimicorumque
1336 3983 1398 4040 filiis
1412 3983 1448 4040 da
1461 3983 1740 4057 quecun-ticceau.

1283 4130 1327 4182 62.
1346 4134 1446 4178 ALIUD.

980 4238 1010 4288 In
1023 4235 1161 4302 quemdam
1180 4232 1225 4299 qui
1244 4232 1271 4282 in
1286 4231 1415 4282 Graeciam
1433 4232 1572 4282 devenerat
1586 4237 1612 4281 et
1630 4230 1742 4283 rusticos

1247 4305 1369 4358 induerat
1382 4320 1477 4357 meres.

981 4427 1226 4488 Nnnbarbarorum
1237 4431 1348 4490 terram,
1357 4424 1406 4481 sed
1418 4441 1478 4480 cum
1493 4423 1585 4481 vidisti
1599 4422 1739 4493 Greciam,

981 4516 1256 4576 barbarus-fectus—es
1270 4521 1298 4570 et
1312 4512 1419 4587 eloquio
1433 4519 1461 4570 ct
1472 4511 1602 4569 moribus.

1282 4665 1326 4718 6³.
1345 4670 1445 4714 AbiUD.

980 4799 1116 4856 Virtutem
1130 4794 1189 4851 heri
1203 4791 1258 4850 vidi
1273 4792 1301 4847 in
1314 4791 1404 4848 media
1418 4791 1485 4847 urhe

980 4881 1274 4960 pulle-veste-indutam
1288 4887 1316 4936 et
1326 4878 1534 4936 demisso-vultu
1548 4883 1632 4934 tetam
1646 4895 1653 4934 ε

981 4995 996 5026 ιι
1012 4970 1093 5041 Quid,
1109 4991 1123 5023 n
1143 4967 1270 5043 rogitari,
1287 4989 1302 5020 ιι
1317 4966 1367 5024 tibi
1386 4967 1485 5024 accidit
1499 4965 1534 5020 »θ
1549 4965 1612 5020 Huc
1626 4969 1715 5019 autem
1732 4980 1739 5018 τ

1511 5053 1538 5125 [ιι
1552 5053 1631 5107 Nunc
1644 5050 1717 5106 nosti
1733 5067 1740 5105 ε

982 5171 997 5200 ιι
1012 5146 1153 5212 fortitudo,
1170 5143 1324 5219 prudentia,
1337 5140 1461 5199 doctrina
1472 5139 1499 5195 in
1515 5137 1622 5211 anguiis
1636 5143 1699 5194 aunt
1713 5156 1723 5191 .·

983 5257 996 5288 ιι
1012 5233 1168 5307 ignorantia
1182 5239 1272 5290 autem
1286 5231 1400 5305 imperet
1412 5235 1439 5285 et
1450 5225 1568 5284 ebrietas
1581 5232 1608 5282 et
1621 5223 1740 5300 ignavia.
