4062 6018
253 430 255 438 ’
320 413 374 472 tto

433 545 499 606 ίθθ.
521 545 731 604 ᾸΔΕΣΠΟΤΟΝ
751 547 774 603 il
795 547 972 610 ΧΟΙΡΙΛΟΥ.

314 675 355 736 Εὖ
370 673 474 745 θιθαῶς
488 679 530 736 ότι
545 677 642 752 θνητός
656 681 730 758 ἔφυς,
746 680 776 736 θν
791 678 878 758 θυμθν
894 677 955 748 laia

315 767 481 846 τερπόμενος
495 765 618 846 θαλίῃσι·
632 766 743 826 θανόντι
755 787 800 826 τοι
814 768 887 834 οὔτις
901 769 1003 841 ὄνησις.

318 856 371 912 Καί
376 857 429 934 γὰρ
438 856 490 934 ίγθ
501 853 602 923 σποδός
610 858 678 935 ιίμι,
687 857 770 914 Νίνου
781 856 905 935 μεγάλης
915 856 1079 935 βασιλεύων.

315 943 397 1001 Ταῦτ’
405 945 472 1022 ίχυ,
480 943 538 1001 όσσ’
545 942 904 1026 ίφαγονιιαίίφύθρισα,ιιαί
911 947 968 1025 μετ’
975 949 1080 1024 ίρώτιυν

287 1031 404 1110 ότίρττν’
420 1030 533 1089 inuios·
548 1035 583 1089 cl
598 1030 628 1090 θί
641 1032 737 1092 πολλὰ
747 1037 796 1091 aul
809 1031 892 1092 όλθια
905 1039 981 1092 ιιιῑνα
993 1033 1081 1092 λίλιι-

313 1117 373 1190 ἡδί
384 1121 455 1200 σοφὴ
470 1119 574 1196 βιότοιο
583 1125 739 1201 παραίνεσις
748 1120 875 1180 οὐθίιτοτ*
884 1121 980 1194 ίσθλὴ,
993 1119 1078 1202 [utcu

313 1207 456 1280 κεκτήσθω
468 1205 493 1265 δ’
506 1210 521 1266 θ
534 1207 621 1266 θίλιον
632 1213 730 1289 σοφίης
741 1211 788 1268 τόν
803 1212 935 1292 ἀπείρονα
948 1209 1078 1269 πλοῦτον.

335 1536 404 1596 tet.
426 1535 666 1595 ΧΡΥΣΙΠΠΟΥΗ
689 1537 871 1596 staunton
892 1537 1056 1614 utentia.

313 1661 353 1722 Et
366 1663 444 1729 ιὶθῶς
459 1665 501 1722 ότι
514 1664 611 1738 θνητός
625 1668 699 1745 ίφυς,
716 1668 763 1725 σόν
778 1666 867 1746 θυμόν
882 1665 956 1736 leit,

313 1757 480 1831 τιρπόμινος
495 1753 616 1831 μύθοισι.
634 1758 757 1834 Φαγόντι
769 1777 813 1814 τοι
827 1757 901 1824 οίίτις
915 1758 1019 1830 όνησις.

314 1844 369 1900 ίίαί
388 1845 442 1923 γὰρ
462 1845 515 1920 ἐγὼ
530 1847 615 1909 κακός
632 1845 701 1921 ιίμι,
719 1846 814 1923 φαγὼν
835 1847 871 1910 ὡς
890 1845 1017 1913 πλεῖστα,
1034 1847 1082 1902 aci

312 2020 395 2077 Ταῦτ’
415 2021 471 2099 ίχυ
491 2019 550 2077 όοσ*
569 2019 674 2098 ίμαθον
696 2023 745 2078 καί
766 2023 921 2100 ἐφρόντισα,
941 1929 1082 2099 agium

268 2217 282 2264 ό
313 2205 387 2264 ίσθλ’
396 2205 682 2265 tectae-ettilonis
691 2209 738 2264 καί
749 2115 1081 2278 ήθίαπόνταλίλίίιοπύττθίί

577 2526 646 2584 tet.
669 2525 821 2586 teuton,

312 2665 458 2749 Προξενίας
470 2669 571 2746 ἀρετῆς
582 2687 612 2723 τι
625 2667 708 2744 χάριν
722 2670 865 2746 προγόνων
881 2687 911 2722 σε
928 2671 975 2724 καί
992 2669 1078 2726 αὐτοῦ

352 2754 442 2814 etet·
456 2739 591 2827 Ᾰθηναῑοι
604 2754 769 2835 Πυθαγόρην
783 2754 881 2813 ἔθεσαν

226 2885 231 2894 -
311 2849 371 2904 σίόν
386 2843 511 2922 δημοσία
526 2847 679 2912 Διονυσίου,
696 2841 846 2903 ίπτόόοτον
861 2841 892 2901 tt

351 2933 469 3014 πατρίδα
480 2931 637 3026 ξαλυθρίαν
650 2933 717 2991 iutc'
733 2937 802 3014 ἄχος
815 2933 960 3014 φθιμίνου.

600 3087 671 3146 133.
691 3098 795 3148 anuo.

309 3222 383 3301 tltyt
394 3219 527 3292 σίκλους,
542 3222 575 3276 οὐ
588 3219 692 3298 χρυσόν
707 3217 862 3296 ἐθαύμασεν
878 3220 904 3275 ἰν
920 3217 971 3297 βίφ
985 3217 1050 3290 ἥδε,

350 3309 415 3366 ἀλλ’
430 3313 475 3366 ἐπὶ
489 3313 652 3388 σωφροσύνῃ
668 3306 821 3364 σποόθασεν
835 3305 884 3379 ἠδ’
900 3310 997 3388 ἀρετῇ·

311 3401 371 3455 αντὶ
385 3399 415 3455 δί
430 3405 481 3470 σῆς
493 3396 578 3471 ῆόης,
593 3401 732 3464 Διονυσία,
746 3396 859 3468 ἡλικίας
871 3417 900 3453 τι

351 3487 428 3545 τόνθε
439 3492 526 3566 τάφον
541 3490 650 3566 Μοιρῶν
664 3491 712 3543 νῦν
723 3507 756 3564 γι
769 3485 908 3565 λίλογχας
922 3486 986 3543 inu.

577 3642 647 3701 tut.
670 3638 816 3699 nautor.

311 3778 399 3834 Τοῦτο
415 3775 518 3834 Θίιυνό
535 3771 674 3852 μόναυλος
687 3775 734 3829 ὑπ’
745 3775 825 3851 ἠρίον
838 3775 853 3829 ό
866 3771 969 3850 γλυκὺς
983 3773 1053 3830 οίιιιῖ

351 3865 488 3936 αὐλητὴς,
506 3867 598 3942 μίμων
612 3865 666 3934 ιήν
680 3861 820 3940 θυμέλῃσι
831 3865 924 3940 χάρις.

311 3952 419 4032 Τυφλός
432 3955 501 4010 uzal
511 3957 606 4032 γήρως
620 3953 732 4030 οίχωιιι,
750 3949 907 4029 Σαιρτιτίλου
922 3951 990 4016 υίός,

567 4272 631 4330 ίθθ.,
643 4285 759 4322 cumam
776 4269 819 4335 (i).

310 4395 375 4445 Cum
385 4401 412 4444 te
422 4393 563 4444 mortalem
574 4393 658 4454 noris,
672 4390 848 4458 praesentibus
861 4390 938 4456 euple

310 4476 413 4528 deliciis
426 4475 544 4528 animum
558 4492 566 4525 ι
582 4483 767 4542 postmortem
781 4475 854 4526 nulla
866 4474 998 4539 voluptas.
1056 4514 1061 4525 .

310 4561 431 4628 Namque
443 4575 494 4626 ego
505 4575 563 4612 mm
576 4559 670 4626 pulvis,
681 4559 726 4626 qui
738 4573 823 4625 nuper
834 4563 909 4608 tenta
920 4556 1057 4617 tenebam3

310 4645 368 4696 hnc
378 4645 464 4696 habw
475 4659 533 4710 qu
545 4643 598 4704 edi,
612 4658 722 4709 qunque
734 4647 885 4694 mamista
897 4639 980 4692 libido

311 4725 422 4778 busitu
434 4733 463 4779 at
475 4727 523 4780 illa
533 4735 640 4778 manent
653 4727 738 4777 multa
748 4733 776 4777 et
786 4724 917 4792 preclara
930 4722 1034 4776 relicta.

311 4813 370 4864 Hoc
381 4812 488 4880 uniens
500 4813 560 4864 vite
572 4812 727 4864 mortalibus
738 4818 780 4863 est
790 4811 985 4872 documentum,

311 4903 381 4962 quod
394 4895 460 4950 milui
472 4897 509 4950 sit
521 4897 605 4949 cordi.
618 4895 727 4948 Nummi
737 4895 903 4947 cumulentur
915 4902 943 4945 et
955 4907 1049 4944 aurum

311 4981 469 5034 mmm
481 4979 601 5050 uliquis.
615 4982 723 5048 cupiunt
737 4980 782 5048 qui
796 4979 880 5031 multa
893 4987 994 5031 tenera.

934 5079 996 5114 ιιιτ.
1012 5077 1075 5114 οοιι.

766 415 1027 478 ANTHOLOGIAE
1046 417 1197 478 GRAECAE
1217 419 1444 480 APuuNulcls

1259 559 1318 614 tuo.
1335 556 1502 614 ANONYMI
1516 557 1584 618 SEU
1596 558 1770 618 CHOEllILI.

1134 689 1209 744 Bene
1228 695 1359 764 expertus
1373 695 1400 746 te
1415 706 1476 746 esee
1492 690 1635 748 mortalem
1649 698 1759 762 natura,
1775 691 1897 750 animum

1134 777 1272 834 delectans
1285 783 1314 834 te
1325 775 1457 834 conuiuiis
1470 794 1478 833 ι
1493 783 1600 836 mortuo
1614 778 1665 836 tibi
1676 779 1767 852 nuilus
1781 797 1858 838 usus.

1134 864 1240 924 Etenim
1250 881 1302 939 ego
1311 864 1461 936 oinissum,
1471 865 1578 924 Ninive
1587 861 1895 942 magneltumusxsim.

1134 955 1197 1012 Hoc
1211 953 1312 1024 habeo,
1326 959 1540 1029 quantacunque
1552 955 1659 1013 comedi
1675 961 1705 1013 et
1717 955 1851 1032 superbii,
1869 966 1899 1015 et

1668 1043 1742 1116 [cum
1753 1044 1897 1102 amoribus

1131 1127 1253 1202 jucunda
1266 1144 1364 1201 passus
1378 1145 1439 1185 eum
1454 1146 1462 1184 :
1477 1129 1606 1204 pleraque
1623 1146 1689 1187 vero
1708 1135 1738 1188 et
1752 1130 1836 1190 beata
1849 1132 1899 1189 illa

1680 1216 1791 1290 [relicta
1804 1225 1872 1276 sunt
1889 1237 1896 1277 :

1134 1309 1163 1361 ct
1177 1302 1288 1379 sepiens
1300 1301 1335 1360 de
1348 1301 1406 1360 uita
1419 1302 1567 1360 admonitio
1582 1321 1721 1380 nunquam
1734 1305 1822 1376 bona;

1134 1392 1236 1450 habeat
1248 1391 1295 1466 qui
1308 1389 1367 1448 uult
1381 1390 1522 1466 sapientie
1536 1391 1656 1448 infinitas
1670 1392 1792 1451 divitias.

1811 606 1899 678 [auge
2006 619 2011 629 ·

1137 1539 1198 1598 tet.
1217 1541 1411 1600 CHRYSIPPI
1429 1540 1510 1600 SIVE
1528 1541 1702 1600 CRATETIS
1721 1541 1898 1601 panentu.

1136 1671 1210 1730 Bene
1228 1671 1318 1731 sciens
1336 1679 1365 1731 ts
1381 1679 1481 1732 nature
1500 1691 1563 1732 esse
1577 1672 1729 1740 mortalem,
1745 1681 1823 1730 tuum
1837 1673 1900 1730 ani-

1713 1761 1899 1834 [mumauge,
2022 1770 2023 1790 ί

1135 1849 1274 1908 delectans
1287 1848 1466 1907 orationibus.
1483 1849 1599 1923 Epulnto
1612 1849 1663 1906 tibi
1677 1849 1768 1906 nullus
1781 1865 1859 1906 usus.

1135 1935 1242 1994 Etenim
1256 1954 1309 2012 ego
1324 1937 1412 1995 malus
1430 1955 1500 2006 eum,
1520 1937 1648 2011 epulatus
1666 1953 1747 2012 quam
1766 1935 1899 2011 plurimu,

1720 2027 1760 2098 [et
1772 2023 1900 2098 gauisus.

1135 2114 1200 2172 Huc
1219 2114 1308 2171 hebeo
1322 2121 1496 2189 quotcunque
1510 2113 1592 2170 didici
1611 2122 1640 2171 et
1657 2113 1805 2170 meditatus
1825 2130 1900 2180 sum,

1708 2201 1748 2274 [et
1761 2217 1824 2257 cum
1835 2199 1900 2258 istis

1135 2291 1208 2350 bona
1219 2308 1319 2368 passus
1332 2309 1392 2348 sum
1408 2309 1415 2347 :
1433 2290 1539 2365 reliqua
1553 2297 1645 2348 autem
1661 2297 1690 2347 et
1700 2289 1825 2363 jucunda
1837 2306 1899 2346 om·

1657 2377 1900 2452 [niarelictesunt.

1394 2533 1454 2588 tet.
1475 2530 1636 2589 INCERTI.

1135 2670 1507 2746 luris-hospitiiuirtutisque
1518 2671 1610 2745 gratia
1619 2677 1647 2728 et
1655 2688 1767 2728 avorum
1775 2677 1803 2729 ct
1810 2670 1904 2747 ipsius

1169 2761 1215 2817 hte
1228 2760 1411 2816 Athenienses
1424 2759 1614 2834 Pythagoram
1629 2775 1745 2833 posuere

1136 2847 1259 2923 Dionysii
1273 2845 1358 2905 fllium
1372 2847 1491 2922 publice,
1504 2855 1834 2922 equosque-pascentem

1169 2937 1197 2993 in
1211 2935 1327 3011 patriam
1341 2935 1522 3010 selymbriam
1537 2934 1613 2993 venit
1626 2934 1715 2992 luctus
1729 2935 1841 2992 mortui.

1426 3087 1486 3142 ίθθ.
1507 3094 1609 3138 amun.

1134 3221 1230 3295 Neque
1250 3221 1357 3296 peplos,
1377 3235 1466 3294 neque
1488 3235 1585 3277 aurum
1605 3217 1704 3275 mirata
1724 3225 1769 3274 est
1791 3217 1819 3274 in
1842 3219 1905 3276 vita

1170 3307 1353 3366 sedoastitati
1367 3305 1476 3366 studuit
1489 3306 1643 3374 etvirtuti3
1783 3306 1904 3380 [δυνατὴ

1134 3417 1183 3473 pro
1201 3406 1250 3455 tue
1260 3397 1415 3472 juventute,
1432 3395 1574 3471 Dionysia,
1592 3393 1735 3469 elatisque
1752 3395 1821 3452 tiore

1169 3485 1253 3542 hocca
1267 3483 1421 3559 sepulerum
1435 3499 1452 3538 a
1465 3481 1562 3539 Parcis
1575 3500 1646 3538 nuuc
1660 3482 1758 3539 sonita
1772 3499 1812 3538 es.

1406 3641 1467 3700 tut.
1487 3641 1632 3700 HEDYLI.

1134 3775 1230 3834 Theou
1242 3775 1379 3832 υιοιιυυίοι
1393 3771 1446 3831 hoc
1461 3771 1513 3829 sub
1527 3772 1652 3846 sepulcro
1665 3770 1752 3828 dulcis
1764 3771 1878 3830 habitat

1168 3862 1281 3932 tibicen,
1295 3862 1442 3920 mimorum
1454 3859 1497 3918 vel
1511 3860 1539 3916 in
1553 3858 1643 3917 scenis
1656 3859 1718 3918 iios.

1135 3951 1259 4010 temtus
1271 3955 1413 4008 senectute
1426 3948 1504 4015 abiit,
1519 3946 1636 4021 Scit-pati
1650 3946 1733 4016 fliius,

1244 4267 1247 4274 '
1293 4263 1351 4313 ίθί.
1368 4275 1508 4312 cunusuuu
1525 4275 1582 4310 suun
1599 4275 1735 4310 cumis.

1130 4378 1195 4428 Cum
1209 4383 1235 4426 te
1249 4369 1388 4426 mortulam
1402 4369 1565 4437 cognoveris.
1581 4371 1807 4431 succlamantem,

1128 4461 1232 4511 luctatus
1245 4457 1365 4521 τοίίοιιος
1381 4455 1434 4508 cibi
1446 4455 1485 4506 nil
1497 4454 1576 4521 copia
1589 4455 1706 4520 prodest.

1129 4542 1233 4610 Saepius
1245 4541 1302 4608 ipae
1315 4540 1401 4594 maius
1412 4555 1470 4591 sum
1482 4539 1558 4590 leatus
1570 4537 1689 4603 pluuibuu
1700 4537 1763 4590 esis.

1129 4627 1196 4678 Sunt
1210 4624 1276 4677 mihi
1290 4639 1349 4692 quta
1361 4623 1451 4684 didici,
1467 4627 1528 4674 suut
1541 4635 1599 4688 qua
1613 4619 1754 4672 meditatus
1765 4627 1793 4672 et
1805 4637 1860 4673 unu

1130 4725 1188 4777 qum
1201 4711 1268 4762 bene
1280 4723 1339 4760 eum
1352 4722 1455 4776 pascua
1468 4707 1535 4758 Sunt
1547 4713 1635 4756 cetera
1647 4710 1743 4755 cuncta
1757 4704 1862 4756 relicte.

1746 4801 1810 4838 unu.
1830 4801 1898 4840 cone.

1424 4936 1481 4986 lli.
1498 4949 1605 4986 mm.

1131 5076 1182 5130 Hic
1193 5082 1281 5128 seruat
1291 5073 1406 5128 tumultu
1418 5072 1534 5125 tibicinia
1545 5087 1607 5124 osea
1619 5071 1744 5134 Theonis,

1165 5159 1262 5213 eximia
1274 5159 1303 5213 iu
1316 5158 1404 5212 mini·
1417 5159 1504 5224 grstia
1517 5157 1592 5223 quns
1603 5166 1671 5208 erut.

1133 5249 1223 5300 iscus
1237 5255 1294 5300 erat
1308 5244 1381 5298 aenio
1395 5261 1402 5295 :
1416 5243 1531 5295 solamen
1544 5242 1677 5306 &inpetus
1687 5241 1729 5292 itti
