4062 6018
269 393 323 456 l28
721 395 981 458 ANTHOLOGIAE
1001 397 1153 459 GilAECAE
1172 399 1402 490 hPPENDlClS

266 526 330 585 ἀλλ’
344 529 386 602 ic,
404 529 452 584 καί
466 526 614 606 εόμψυχα,
628 529 677 585 καί
691 525 805 602 ὑδατένη
820 533 973 609 νόρκισσος,

306 613 411 690 Οὑίόιε,
428 619 475 675 καί
487 619 550 696 περί
560 620 610 673 σοῦ
624 620 715 674 πάντα
727 621 835 694 γένοιτο
850 617 931 698 ῥόδα.

561 769 630 828 239.
646 783 746 834 sanc.

1086 528 1233 598 escriols,
1255 537 1283 588 et
1294 531 1422 602 emereri,
1432 539 1461 590 et
1470 533 1557 590 mollrs
1565 533 1716 602 narcissus,

1122 616 1195 689 Vibi,
1211 623 1240 675 et
1253 617 1355 676 circum
1368 625 1397 677 te
1411 621 1501 678 omnia
1515 628 1663 679 nascantur
1676 639 1757 680 rosae.

1382 773 1443 829 τόν.
1463 783 1564 829 aurun.

264 914 344 973 Τόνδ’
359 917 374 972 ό
394 909 641 993 παλαιατρορόλαξ
656 898 805 992 Ᾰμμιόνιος
824 915 915 973 τίσατο
935 913 1033 994 βωμόν
1088 911 1197 968 Helices
1210 911 1449 986 palestre-eustos
1462 913 1622 972 Ammonius
1637 913 1826 974 eutulanum

304 1005 386 1069 αὐτός
400 1005 440 1061 ίτι
452 1001 525 1072 ζωᾶς
536 1003 568 1060 τδ
581 1001 671 1080 γλυκὺ
687 1006 788 1081 φέγγος
801 1004 884 1082 όρῶν,

262 1095 343 1173 ἠρίον
358 1094 430 1173 oppa
440 1095 559 1171 γένοιτο·
575 1093 634 1160 τόν,
650 1088 672 1148 ὦ
687 1095 777 1157 Μαίας
791 1091 873 1150 κλυτέ
888 1097 981 1174 κοῦρε,

303 1167 421 1262 δρμοίη,
437 1184 558 1259 πίμποις
570 1185 663 1261 χῶρον
678 1182 720 1238 ἐπ’
735 1177 879 1241 sistitur.

564 1336 634 1396 240.
651 1343 749 1395 ΑΔΔΟ.

1123 999 1183 1074 ipse
1198 999 1288 1056 adhuc
1302 999 1365 1058 riter
1379 1000 1458 1058 dulos
1472 1001 1563 1058 lumen
1577 1001 1685 1074 rideas,

1088 1089 1243 1163 sepulcrum
1257 1095 1288 1146 ut
1300 1087 1381 1147 fleret
1396 1105 1403 1145 :
1419 1107 1511 1164 quem,
1527 1107 1543 1148 ο
1558 1090 1639 1147 Μεὶιο
1653 1091 1746 1148 inclite
1760 1091 1811 1159 lili,

1123 1176 1252 1246 Mercuri,
1269 1175 1362 1235 mittas
1376 1177 1404 1234 in
1419 1178 1512 1235 sedem
1526 1179 1645 1252 piorum.

1382 1329 1443 1386 rto.
1465 1337 1566 1382 aurun.

263 1478 397 1556 Τοίίνομα
410 1475 574 1558 Εὖριπίδ[ης
586 1478 682 1554 τοδμῷ
696 1473 801 1557 π]ατρί.
818 1462 924 1535 Ιδνθόδι
939 1481 1035 1557 κεῖμαι
1089 1471 1193 1528 Nomen
1208 1469 1354 1545 Euripides
1368 1487 1428 1528 meo
1443 1471 1526 1546 patri.
1541 1471 1592 1528 ch
1603 1471 1683 1546 jaceo

304 1569 336 1623 οδ
351 1565 424 1624 πολὺ
442 1570 614 1647 μικροχρόνιρ
628 1562 698 1643 τῷδε
716 1564 767 1644 βίιρ
780 1562 917 1645 παραόός.

553 1716 622 1775 ΞΗ.
643 1724 731 1776 raho

264 1831 508 1906 ὀκτωκαιδεκάτου
526 1869 559 1926 pt
574 1853 783 1929 καταρχόμενον
796 1845 980 1915 λυκάόαντος,

303 1938 365 2015 ἄρτι
375 1957 404 1992 τε
420 1937 569 2017 ῥητορικῆς
583 1939 651 2018 ἔργα
664 1935 877 2014 διδασκόμενον,

262 2021 357 2102 Λέσόιρ
373 2026 400 2080 έν
412 2023 548 2106 εὐδένδρῳ
565 2024 729 2106 βαρυαλγής
741 2029 839 2091 νοῦσος
853 2023 972 2104 ἐδάμνα,

302 2114 410 2170 κούκέτ’
424 2115 450 2178 ίς
462 2115 577 2192 ίμτρτὴν
590 2120 673 2193 γαῖαν
689 2112 756 2187 lina
767 2099 887 2192 Ἐρέσου.

233 2217 248 2262 5
262 2203 501 2279 Αὐτοκασίγνητος
514 2200 545 2258 δέ
559 2205 657 2280 καμὼν
675 2203 753 2281 μάλα
765 2201 871 2269 πολλὰ,
885 2208 995 2261 τοκεῦσι

301 2288 400 2355 πένθος
414 2291 456 2346 ἐπ’
472 2289 603 2348 ὠκυάλου
617 2294 684 2363 νηός
699 2290 783 2349 ίδυκι
799 2295 900 2370 ρέριιν.

262 2379 338 2436 Nelo>
354 2376 378 2434 δ’
393 2379 494 2457 ἡρώιον
510 2380 581 2458 ίιρδν
596 2377 694 2457 δόμον,
712 2377 772 2438 οὐδ’
786 2363 951 2458 Ᾰχίροντος·

301 2471 377 2524 τοῖον
390 2469 443 2546 γὰρ
461 2465 557 2543 βιότου
571 2473 660 2547 τέρμα
675 2472 797 2547 τοροῖσιν
812 2468 861 2524 ἔνι.

554 2794 623 2854 249.
644 2803 741 2852 ΔΛΔο.

263 2943 292 2981 α.
308 2923 361 2980 Τόν
377 2909 509 2982 Ἑστιαίου
523 2928 574 2996 τῆς
587 2923 741 3004 τραγῳδίας
750 2931 845 3006 γραρῆ

261 3009 434 3091 Εὐανδρίδαν
449 3014 562 3093 κέκρυρ’
580 3016 594 3069 ό
609 3011 744 3092 τυμόίτας
757 3018 864 3095 ττέτροςΙ

262 3097 386 3170 ζήσαντα
401 3103 469 3182 πρός
480 3102 559 3159 πάντ’
574 3099 691 3169 tristicie
705 3106 758 3160 ἀνὰ
769 3103 866 3162 πτόλιν

262 3189 328 3244 ἔτιον
345 3188 463 3269 ἀριθμόν
479 3188 644 3268 ὀγδοήκοντ’
661 3193 772 3270 ἀρτίων.

232 3367 245 3414 5
263 3345 291 3424 β.
309 3347 382 3426 Οὐχί
395 3351 485 3413 κιναῖς
497 3345 590 3416 δόξαις
605 3345 725 3421 έζηκότα
738 3347 817 3406 τόνδε
834 3347 960 3408 δέδικται

299 3433 405 3514 τύμόος
419 3435 461 3494 ὅδ’
472 3439 503 3495 ίκ
516 3441 670 3518 προγόνων,
681 3441 740 3504 ταῖς
752 3436 777 3494 δ’
788 3440 844 3496 ἀπὸ
858 3443 908 3511 τῆς
922 3442 1028 3518 σοφίας,

260 3527 319 3590 ταῖς
326 3527 537 3612 ἀπδξυκράτευ
545 3530 668 3592 πινυταῖς
678 3526 767 3605 pultis,
775 3531 825 3584 τοῦ
836 3548 864 3583 τε
871 3527 1028 3603 Πλάτωνος,

300 3615 369 3670 κούκ
382 3617 579 3694 Επικουριίοις,
594 3613 748 3687 ἡδονικοῖς,
766 3615 867 3688 ἀθέοις,

1125 1576 1182 1617 non
1199 1557 1313 1617 multum
1328 1559 1355 1616 in
1373 1559 1457 1618 hacce
1479 1559 1705 1635 perri-temporis
1717 1556 1775 1614 rita
1794 1574 1861 1631 pro-

1384 1710 1446 1766 m
1468 1717 1570 1762 mun·
1721 1647 1860 1720 [gressus.

1089 1841 1373 1900 Octavum-decimum
1386 1859 1430 1899 me
1443 1841 1645 1916 ingredientem
1660 1859 1772 1913 annum,

1124 1947 1268 2005 nuperque
1281 1931 1432 1988 rhetorices
1446 1947 1532 2005 opera
1545 1929 1706 1996 discentem.

1089 2018 1181 2076 Lesbo
1205 2018 1233 2075 in
1261 2017 1461 2077 bene-arbusto
1484 2018 1860 2094 marem-doloremierens

1603 2107 1727 2180 [morbus
1741 2106 1859 2176 domuit,

1125 2209 1216 2266 neque
1227 2192 1285 2266 jam
1298 2192 1326 2248 in
1340 2193 1484 2252 amabilem
1498 2200 1600 2252 terram
1614 2195 1719 2269 Ephesi
1730 2195 1804 2252 reni.

1091 2281 1189 2338 Frater
1202 2289 1294 2339 sutem
1302 2299 1450 2357 germanus
1459 2283 1569 2342 labores
1581 2283 1683 2343 multos
1696 2301 1859 2360 perpessus,

1684 2373 1859 2448 [parentibus

1124 2460 1228 2516 luctum
1242 2459 1271 2516 in
1285 2461 1383 2535 rapide
1396 2477 1466 2518 nere
1480 2461 1557 2520 dedit
1570 2462 1723 2521 terendum.

1090 2551 1191 2609 Habito
1205 2557 1297 2610 eutem
1312 2552 1426 2609 heroum
1441 2567 1547 2609 sacram
1561 2551 1683 2620 domum,
1698 2568 1753 2608 non
1768 2551 1861 2608 Ache-

1125 2640 1188 2698 telis
1196 2641 1267 2700 enirn
1278 2641 1340 2699 vitre
1348 2639 1481 2698 terminus
1496 2639 1668 2716 sapientibus
1678 2647 1731 2700 est.
1743 2640 1860 2715 [rontisz

1381 2794 1445 2850 etr.
1464 2803 1564 2847 curun

1088 2944 1115 2983 c.
1132 2925 1243 2984 llestioei
1257 2927 1346 2998 fllium
1360 2925 1502 3000 tregredie
1515 2925 1676 2999 scriptorem

1089 3013 1274 3072 Erundridam
1287 3015 1358 3071 texit
1371 3015 1521 3089 sepulcrale
1535 3031 1643 3084 saxum,

1089 3102 1221 3178 qui-vixit
1233 3101 1260 3158 in
1275 3120 1370 3161 omncs
1382 3102 1426 3176 pie
1438 3119 1489 3177 per
1502 3101 1598 3158 urbem

1089 3209 1177 3248 anuos
1190 3207 1304 3248 nurnero
1313 3190 1456 3266 octoginta
1469 3190 1603 3264 integros.

1087 3352 1112 3408 o.
1126 3351 1190 3408 Non
1200 3350 1228 3406 in
1239 3349 1318 3407 vanis
1328 3349 1622 3425 gloriisvita·iunctum
1632 3347 1737 3404 huncce
1749 3359 1861 3422 ecceprt

1121 3440 1241 3498 tumulus
1252 3438 1329 3497 hicce
1344 3447 1408 3516 post
1421 3445 1588 3514 procrescit
1598 3437 1626 3494 in
1638 3436 1673 3494 iis
1686 3453 1747 3511 que
1764 3453 1800 3493 ex
1815 3455 1861 3492 sa·

1661 3525 1777 3600 [pientia
1790 3533 1860 3582 eunt

1084 3645 1146 3703 qus
1160 3645 1195 3684 ex
1206 3625 1321 3684 Socrate
1334 3626 1466 3683 doctrinis
1473 3624 1627 3701 presertim
1637 3630 1666 3681 et
1677 3641 1712 3681 ex
1724 3623 1855 3690 Platone,

259 3688 397 3769 Εστιαῑον.
407 3705 454 3760 τὸν
464 3709 550 3782 φύντα
559 3703 788 3783 corporatorum
798 3701 1030 3786 Μενανδ[ρου(ί)]
1119 3733 1174 3773 non
1189 3723 1280 3772 autem
1299 3713 1451 3790 Epicureis,
1467 3713 1638 3788 voluptariis,
1653 3712 1855 3770 deostollenti-

217 3815 245 3862 ω
301 3790 469 3865 trihoria-qr
485 3791 580 3869 βιοτᾶς
591 3789 770 3859 ίξανόοαντος
784 3790 860 3852 όδόν.

1778 3801 1855 3874 [bus,

260 3879 1030 3964 Milll‘isssxuitiss'⁶⁶i⁰³tssptitt10tt⁶itt⁶v&effrem
1086 3893 1236 3950 ileslireum
1249 3892 1373 3968 genitum
1386 3909 1403 3949 a
1417 3899 1495 3967 patre
1509 3889 1602 3948 inclito
1616 3889 1768 3947 Menandro
1775 3889 1810 3964 (l)

301 3966 430 4047 [κλίνοντ’
446 3965 578 4027 sistitur
594 3971 630 4034 τίς
637 3967 672 4050 (⁹)
685 3972 774 4049 ίιροίις
788 3967 954 4051 δαλόμο[υς,

548 4300 618 4359 943.
639 4305 737 4356 ΑΔΔΟ.

1121 3982 1253 4056 optimam
1266 3982 1330 4040 rite
1344 3997 1455 4038 emenso
1469 3978 1551 4036 viana

1086 4071 1167 4128 Leuis
1180 4078 1264 4142 terra,
1278 4071 1380 4146 injecta
1392 4069 1447 4145 pie,
1463 4077 1544 4143 tegas
1558 4073 1589 4124 lu
1602 4067 1729 4144 virum(i)

1122 4161 1296 4220 inclinantem
1309 4159 1417 4235 piorum
1427 4158 1455 4214 in
1471 4175 1564 4214 sacras
1578 4157 1669 4214 sedes.

1378 4312 1440 4366 24³.
1461 4319 1562 4362 curun
1613 4277 1616 4282 ⁵

262 4441 367 4517 Μνῆμα
383 4439 589 4519 φιλοφροσύνης
599 4423 675 4519 herti
687 4437 751 4497 τόδε
767 4441 867 4518 Δάφνις
883 4436 974 4508 istuis
1087 4449 1293 4506 Monumentum
1303 4443 1428 4502 amicitie
1436 4445 1510 4500 hstes
1522 4443 1607 4500 hocce
1615 4441 1740 4517 Daphnis
1750 4443 1859 4499 struxit

300 4531 348 4584 καί
363 4524 454 4596 ζῶσαν
468 4523 590 4607 στέρξας,
607 4530 654 4585 καί
668 4527 803 4606 ρδιμένην
821 4527 940 4588 ποθέων.

561 4873 620 4921 241.
639 4887 729 4923 rnrun.

257 4989 374 5037 octavus
388 4981 558 5049 decimusque
572 4982 638 5033 mihi
652 4997 712 5033 cum
726 4991 844 5034 curreret
857 4998 951 5047 eunus,

288 5069 398 5134 jamque
412 5067 440 5118 in
453 5066 587 5118 rhetorice
600 5082 652 5117 non
663 5066 737 5118 rudis
749 5073 806 5118 arte
819 5067 912 5130 sorem,

260 5151 403 5203 frondifera
415 5151 444 5201 in
456 5151 553 5212 Lesbo,
566 5151 658 5202 morbo
672 5157 818 5217 correptus,
834 5151 905 5202 chivi
919 5167 925 5200 :

292 5251 344 5287 non
358 5237 454 5288 iterum
468 5243 508 5287 est
520 5236 640 5302 Ephesus
654 5250 717 5286 cara
728 5234 841 5287 ridenda
854 5236 928 5287 mihi.

1122 4535 1169 4611 qui
1182 4533 1311 4592 elvirum
1323 4532 1421 4590 dilexit
1434 4539 1462 4589 et
1475 4531 1639 4589 exstinctam
1651 4529 1802 4586 desideret.

1086 4874 1183 4926 Attulit
1195 4873 1228 4924 ed
1240 4872 1351 4923 miseros
1364 4871 1427 4921 heul
1441 4867 1531 4920 fratris
1543 4881 1607 4918 cure
1620 4873 1744 4934 parentes

1119 4957 1264 5024 relliquias,
1280 4956 1390 5022 pelagus
1402 4968 1468 5004 nave
1480 4959 1595 5013 secante,
1611 4965 1695 5002 meas.

1085 5041 1163 5094 Nunc
1173 5041 1323 5092 Acheronte
1335 5037 1427 5106 procul
1442 5043 1547 5088 sacrata
1558 5033 1683 5086 heroibus
1697 5049 1761 5086 ersa

1120 5125 1196 5192 (nem
1212 5122 1272 5175 finis
1285 5122 1376 5174 doctos
1390 5119 1486 5186 excipit
1499 5119 1559 5186 iste)
1574 5119 1642 5170 colo.

1783 5217 1812 5252 n.
1832 5219 1861 5254 o.
