4076 6022
556 441 682 504 CAPUT
702 443 726 504 l.
749 444 1035 508 EPIGRAMMATA
1057 443 1328 509 huntendonia,
1702 454 1739 513 59

136 576 244 652 ὡραῖος
258 575 308 642 ὤν,
324 574 423 633 κάλλει
437 573 467 631 δί
483 573 556 641 θείας
570 579 673 649 οὐσίας,

137 659 210 729 ζωοῖ
228 683 262 740 με
278 665 390 740 Χριστός
404 669 537 741 σαρκικῶς
553 663 641 720 θανὼν
656 661 741 744 ξύλῳ·

107 769 122 815 5
136 747 173 806 οὗ
191 749 277 822 τήνδε
293 751 382 823 θήκην
397 738 541 828 lapara,
557 757 610 830 γῆς
625 752 759 828 δεσπότης

138 842 310 916 ὡραιότησιν
325 844 427 919 ἀρετῶν
443 844 618 918 ἐστεμμένος,

135 931 251 1004 χάρισιν
267 931 365 1007 ὡράϊσε
380 934 477 1007 τιμίων
492 930 575 987 λίθων

136 1019 233 1086 ἡττῶν
248 1015 375 1075 δίἀύτοῦ
389 1017 527 1097 ,δαίμονας
539 1023 587 1076 καί
603 1017 769 1101 βαρθάρους.

439 1173 622 1234 363.aan0.

138 1289 217 1375 λ’λης
231 1306 263 1360 τό
278 1304 409 1386 λαμπρόν
423 1311 472 1364 καί
485 1310 569 1386 σορόν
584 1310 616 1365 τό
630 1311 680 1380 τῆς
692 1313 801 1388 τέχνης,

138 1392 267 1458 κάλλους
281 1397 312 1452 τό
326 1401 451 1474 τερπνόν,
469 1402 614 1476 σχήματος
628 1401 660 1454 τό
677 1397 813 1464 ποικίλον,

138 1487 193 1536 τῶν
210 1481 330 1556 θνδωνή
348 1481 490 1560 βλόζουσα
505 1485 725 1565 θαυματουργία,

139 1577 189 1628 τοῦ
207 1570 469 1652 δημιουργήσαντος
483 1578 498 1631 ό
513 1573 581 1644 ζίων
595 1575 691 1644 πόθος,

109 1679 124 1725 5
140 1663 328 1741 ὑπερφέρουσι
340 1667 390 1736 τῆς
405 1662 523 1721 ardores
538 1669 588 1738 τῆς
601 1665 700 1722 πάλαι·

139 1754 196 1829 ὅσῳ
212 1753 268 1830 γάρ
284 1753 356 1808 αὐτὰ
370 1757 422 1808 τῶν
438 1755 500 1832 πρὶν
515 1750 687 1834 ἐξῃρημένα,

142 1839 247 1919 μείζων
264 1846 387 1920 τοσούτῳ
403 1845 523 1913 πίστιςή
540 1843 708 1921 Θεοφάνους,

140 1933 341 2008 προσευκτικόν
359 1935 494 2008 σκήνωμα
507 1935 562 1987 τῶν
576 1935 737 2009 αἰτημάτων

139 2018 275 2092 τεύξασα,
291 2019 455 2077 καλλόνασα
468 2025 550 2078 τοῦτο
565 2025 613 2078 σὺν
627 2020 703 2100 πόθῳ

94 2136 124 2184 50
139 2113 178 2176 εἰς
192 2112 320 2190 ψυχικὴν
335 2109 477 2190 κάθαρσιν,
491 2113 530 2176 είς
545 2110 608 2188 βίου
621 2115 737 2184 σκέπην.

439 2275 509 2332 364.
525 2281 623 2331 mtto,

140 2415 249 2481 Στύλος
263 2417 349 2493 πυρός
362 2419 422 2495 πρίν
437 2401 541 2494 Ῐσραήλ
559 2415 696 2494 όδηγίτης

141 2509 180 2572 είς
194 2509 247 2578 τὴν
264 2508 388 2584 άγοιστὴν
402 2509 456 2584 γῆν
472 2508 527 2562 ἀπό
541 2511 592 2578 τῆς
605 2508 763 2584 Αἰγυπτίας·

139 2600 190 2652 καί
203 2599 254 2651 νῦν
270 2595 369 2663 στύλος
384 2616 437 2663 σοι,
456 2597 582 2674 Συμεών,
599 2595 653 2653 θεῖε
666 2601 762 2676 πάτερ,

141 2689 172 2742 lx
185 2692 241 2766 γῆς
255 2686 360 2766 όδηγός
374 2691 411 2754 είς
424 2683 515 2766 τρίόον
531 2689 672 2765 οὐρανίαν.

111 2791 126 2836 5
141 2780 250 2856 Κοσμῶ
262 2782 294 2836 τό
308 2778 408 2835 λοιπόν
422 2781 473 2849 οήν
488 2773 640 2854 σεθασμίαν
653 2780 740 2854 κάραν

141 2869 156 2924 ό
176 2867 323 2946 βασιλικός
337 2867 480 2932 Βασίλειος
494 2869 525 2923 ἐκ
538 2865 637 2927 πόθου.

441 3023 624 3083 365.Anno.

143 3169 197 3230 Σὺ,
213 3166 324 3243 Χριστί,
340 3170 449 3243 κόσμου
463 3169 589 3246 κοίρανος
601 3167 649 3221 καί
663 3162 808 3235 δεσπότης·

144 3259 194 3312 σοί
204 3275 253 3309 νυν
267 3252 413 3332 προσηῠξα
426 3257 477 3328 τὴν
493 3259 543 3326 σήν
560 3253 665 3325 δούλην
678 3252 770 3320 πόλιν,

144 3347 196 3400 καί
212 3349 340 3422 σκῆπτρα
354 3343 431 3412 τάδε,
447 3348 496 3400 καί
508 3347 539 3400 τό
553 3349 603 3416 τῆς
616 3329 719 3414 ῥώμης
731 3346 838 3420 κράτος·

146 3432 273 3512 ρόλαττε
286 3438 401 3504 ταύτην,
419 3431 488 3502 σῶζέ
503 3435 526 3490 τ’
543 3436 573 3489 ix
588 3435 679 3505 πόσης
694 3428 823 3510 {staffines

447 3599 629 3658 366.anno.

149 3726 174 3798 ίλ
190 3740 309 3820 Μιχαὴλ
322 3739 434 3797 πλουτῶ
448 3761 476 3798 σε
490 3743 536 3797 τόν
551 3743 747 3820 Χρισπορόρον,

149 3835 247 3910 κράτει
259 3834 360 3908 κράτος
373 3848 433 3895 σου,
452 3833 563 3908 μάρτυς,
582 3831 785 3909 ίστηριγμίνος,

149 3924 200 3977 καί
212 3939 242 3976 σε
255 3922 390 3997 στερανῶ·
409 3922 461 3974 σῶν
475 3915 499 3974 δ’
516 3921 648 3997 ἀπαρχῶν
663 3919 694 3973 τό
709 3921 814 3995 στίρος.

450 4080 631 4139 367.αααο.

153 4225 207 4290 Σός
220 4229 326 4300 κόσμος
341 4225 406 4297 ἐστί,
425 4226 533 4302 σταυρί,
550 4226 637 4288 πίστις
650 4225 697 4278 καί
710 4219 804 4287 πόθος·

153 4313 241 4376 οὕτως
255 4332 284 4368 σε
300 4315 400 4390 κοσμεῖ
413 4316 460 4368 καὶ
476 4311 583 4388 βασιλὶς
595 4314 697 4389 Μαρία·

154 4404 185 4457 όν
199 4405 226 4458 οί
241 4402 406 4480 σπαλαγμοί
419 4405 467 4458 τοῦ
483 4400 546 4458 θεοῦ
561 4403 613 4456 τῶν
629 4403 753 4476 αἱμάτων

156 4488 240 4558 δόξαν
258 4491 354 4562 θεϊαὴν
370 4490 510 4547 ίστόλισαν
525 4493 572 4545 καὶ
585 4493 693 4568 κράτος·

126 4607 140 4654 5
154 4585 213 4646 πῶς
227 4576 378 4648 δοξάζουσι
395 4582 561 4659 μαργαρῖται
573 4581 620 4634 καί
632 4577 722 4649 λίθοις

452 4742 634 4802 368.nnno.

159 4881 214 4935 Καὶ
226 4881 310 4934 τοῦτο
324 4881 390 4954 γοῦν
406 4879 450 4933 σοί
463 4880 606 4955 προσρίρω
621 4879 797 4940 πανυστάτως

969 577 1085 652 pulcher
1100 595 1161 634 cum
1177 576 1223 645 sit,
1239 577 1338 635 decore
1352 576 1451 636 divinae
1463 578 1600 649 essentia,

968 666 1089 726 vivificat
1102 685 1145 724 me
1158 666 1285 726 Christus
1299 667 1446 724 carnaliter
1456 675 1582 725 mortuus
1597 669 1625 724 in
1640 668 1715 744 ligno
1729 689 1736 728 :

968 755 1047 828 cujus
1062 757 1165 813 hancce
1180 757 1290 814 thecam
1303 756 1454 826 Romanus,
1472 765 1552 814 terrae
1568 756 1695 814 dominus

969 841 1203 914 pulcritudinibus
1217 843 1349 900 virtutum
1363 851 1520 913 coronatus,

969 931 1068 1002 gratiis
1082 933 1283 1006 pulcram-lecit
1294 933 1478 1008 pretiosorum
1491 931 1655 1006 lapillorum,

970 1019 1082 1078 vincens
1096 1039 1146 1096 per
1159 1023 1226 1080 illud
1240 1025 1378 1081 demones
1393 1029 1421 1080 et
1436 1021 1580 1080 barbaros.

1263 1187 1324 1241 363.
1346 1193 1446 1236 aurun,

972 1323 1094 1380 llleteriae
1109 1325 1240 1398 splendor
1252 1333 1280 1382 et
1294 1324 1407 1382 solertia
1421 1325 1498 1393 artis,

972 1410 1163 1486 pulcritudinis
1174 1415 1342 1488 jucunditas,
1358 1414 1453 1471 forma
1465 1412 1595 1480 varietas,

971 1501 1198 1575 qua-sunt-intus
1216 1521 1310 1560 eorum
1328 1519 1460 1560 emanans
1481 1500 1740 1576 mirum-opificium,

971 1589 1043 1647 illius
1058 1589 1105 1664 qui
1120 1590 1265 1650 fabricavit
1280 1593 1389 1649 lerneus
1404 1608 1492 1660 amor,

972 1685 1106 1752 superant
1119 1696 1211 1737 arcam
1227 1680 1299 1736 illam
1314 1680 1455 1755 antiquam
1472 1695 1480 1736 ι

972 1773 1076 1841 quanto
1091 1768 1164 1824 enim
1178 1773 1266 1840 mauis
1281 1769 1334 1825 ista
1342 1768 1481 1843 prioribus
1491 1767 1742 1837 excellentia-sunt,

973 1862 1050 1912 tanto
1065 1857 1153 1931 major
1166 1857 1235 1914 fides
1247 1864 1286 1914 est
1300 1857 1489 1932 Theophanis,

973 1944 1284 2020 aditu-lecilaprecibus
1306 1946 1514 2004 tabernaculum
1528 1945 1727 2021 postulantium

973 2050 1034 2107 quae
1050 2033 1204 2105 fabricavit,
1220 2053 1281 2109 quae
1295 2035 1437 2093 decoravit
1450 2037 1502 2092 hoc
1519 2051 1581 2092 cum
1594 2051 1687 2092 amore

973 2124 1001 2180 in
1016 2125 1112 2182 animae
1126 2125 1330 2200 purgationem,
1342 2126 1369 2183 in
1383 2126 1447 2184 rita
1459 2125 1586 2183 tutelam.

1267 2290 1329 2345 3ssl.
1345 2296 1446 2340 natue.

974 2429 1106 2488 Columna
1120 2429 1204 2504 ignea
1216 2429 1280 2486 olim
1293 2429 1403 2486 lsraelis
1417 2429 1474 2486 dux
1488 2431 1544 2498 (uit

974 2517 1003 2574 in
1016 2517 1199 2576 venerandam
1210 2525 1312 2576 terrem
1326 2517 1361 2574 oh
1380 2524 1453 2574 terra
1468 2517 1608 2592 Aegyptia
1620 2533 1627 2573 :

974 2613 1003 2664 et
1017 2624 1089 2664 nuuc
1103 2608 1229 2664 columna
1241 2606 1302 2677 tihi,
1317 2607 1447 2681 Symeon,
1464 2605 1557 2662 diriue
1574 2612 1665 2679 pater,

975 2714 990 2753 e
1004 2703 1080 2754 terra
1091 2696 1148 2754 dux
1162 2695 1250 2754 estad
1264 2695 1338 2752 riam
1351 2694 1497 2752 celestem.

975 2786 1049 2843 Orno
1062 2785 1091 2842 in
1108 2785 1242 2860 reliquum
1256 2792 1361 2858 tempas
1375 2791 1453 2842 tuum
1471 2782 1616 2840 colendum
1634 2788 1717 2857 caput

976 2892 1023 2945 eoo
1035 2875 1130 2950 regius
1144 2875 1269 2933 minister
1282 2873 1401 2932 Basilius
1414 2891 1449 2930 ex
1464 2889 1566 2930 amore.

1274 3037 1335 3092 363.
1356 3043 1456 3088 aarum

974 3175 1027 3245 Tu,
1043 3175 1164 3245 Christe,
1179 3176 1273 3232 mundi
1285 3194 1335 3232 rex
1349 3191 1376 3233 es
1391 3181 1420 3232 et
1433 3172 1560 3244 dominus
1575 3190 1584 3231 τ

975 3263 1026 3320 tibi
1042 3265 1128 3340 igitur
1142 3266 1243 3324 adauxi
1258 3272 1333 3322 tuam
1348 3281 1456 3322 servam
1469 3263 1618 3331 civitatem,

975 3361 1003 3411 et
1018 3361 1129 3429 sceptra
1143 3357 1202 3412 haec
1215 3361 1244 3412 et
1255 3355 1350 3412 Rome
1365 3351 1509 3427 imperium
1525 3369 1533 3409 ε
1583 3365 1587 3370 ·
1629 3367 1632 3372 ·

976 3444 1084 3503 custodi
1100 3463 1160 3502 eam
1175 3461 1309 3520 serraque
1324 3443 1359 3500 eb
1374 3441 1448 3499 omni
1462 3457 1544 3498 noxa.

1273 3607 1335 3663 366.
1356 3613 1456 3658 aurun.

977 3753 1033 3821 Eoo
1049 3746 1167 3805 Micheel
1180 3756 1208 3804 te
1221 3746 1307 3804 ditari
1323 3744 1551 3819 christophorum

978 3857 1027 3914 per
1040 3839 1168 3895 virtutem
1183 3843 1268 3904 tuam,
1285 3853 1301 3892 ο
1316 3841 1430 3908 martyr,
1448 3832 1549 3889 virtute
1567 3830 1703 3888 firmatus.

979 3935 1006 3986 et
1019 3936 1046 3985 te
1058 3943 1176 3983 corono:
1189 3931 1297 3982 tuarum
1308 3922 1379 3980 enim
1390 3921 1572 3997 primitiarum
1585 3937 1686 3976 corona
1696 3923 1747 3978 cat.

1273 4087 1334 4142 367.
1356 4093 1456 4136 aaran.

981 4223 1055 4281 Tuus
1070 4225 1184 4277 ornatus
1199 4225 1251 4286 est,
1265 4234 1282 4273 ο
1294 4234 1371 4282 crux,
1388 4215 1457 4271 fides
1470 4221 1498 4271 et
1511 4231 1603 4284 amor,

982 4314 1022 4372 sio
1033 4321 1062 4370 te
1077 4315 1193 4368 exornat
1207 4316 1236 4367 et
1249 4307 1346 4381 regina
1360 4305 1448 4362 Maria
1462 4320 1471 4364 ε

953 4395 958 4450 Ι
982 4419 1065 4478 quarn
1078 4399 1157 4458 stille
1172 4397 1223 4454 Dei
1236 4395 1395 4470 sanguinea

983 4492 1072 4567 gloria
1087 4488 1180 4546 divina
1193 4485 1346 4545 vestierunt
1361 4491 1389 4543 et
1403 4484 1519 4542 robore:

983 4578 1160 4653 quomodote
1173 4575 1376 4650 gloria-augent
1391 4572 1549 4649 margaritae
1567 4578 1596 4630 et
1612 4570 1716 4645 lapilli?

1271 4739 1332 4794 368.
1359 4745 1459 4790 aurun.

982 4875 1017 4933 Et
1031 4874 1084 4930 hoc
1097 4871 1184 4945 igitur
1197 4868 1248 4928 tibi
1260 4869 1345 4926 offero
1358 4875 1527 4943 postremum

158 5011 1753 5042 Μ

465 5117 522 5166 365.
542 5131 629 5167 aurun.

163 5219 234 5279 Tibi,
247 5218 362 5279 Christe,
374 5219 466 5269 muudi
477 5220 593 5280 domine,
605 5228 743 5285 rectorque
756 5219 865 5285 optime,

163 5307 255 5358 urbem
270 5309 340 5358 hauc
354 5307 403 5358 tibi
416 5322 474 5373 quea
487 5305 584 5357 serviat
596 5304 674 5356 modo
686 5302 799 5364 subdidi,

986 5131 1012 5176 et
1029 5129 1143 5188 sceptra,
1159 5133 1347 5185 romanamque
1362 5133 1467 5170 omnem
1481 5116 1644 5185 potentiam:

987 5203 1586 5270 hanutumalisdeleudecomparabomnibus.
1673 5207 1677 5216 '

1600 5309 1625 5346 (λ.
1638 5309 1752 5346 ximeno.
