4008 6030
542 459 668 522 CAPUT
692 457 757 520 vll.
787 459 1061 534 Pitumnum,
1092 463 1313 524 molentem.

367 595 414 658 15,
438 591 474 650 Κ.
499 592 690 651 ΚΛΚΑΡΚΟΥ.

187 727 267 796 Κίνός
278 735 317 795 τίς
331 732 401 787 ἐστιν
416 733 452 795 ὡς
466 733 536 809 ἀνήρ
549 752 578 787 τε
592 735 661 789 κούκ
675 734 745 809 ἁνήρ

186 819 282 897 όρνιθα
294 823 362 876 κούκ
375 819 460 898 ὄρνιθ’
475 819 539 876 ἰδών
555 841 582 876 τε
597 823 666 877 κούκ
680 817 756 892 ἰδὼν,

188 910 233 964 tet
246 904 331 973 ξύλου
346 928 375 963 τι
389 910 439 964 κού
455 904 540 973 ξύλου
553 907 625 978 καθη
631 913 716 986 μίνην

187 994 254 1072 λίθῳ
270 1017 298 1052 τε
311 999 361 1051 κού
375 995 442 1072 λίθῳ
461 994 545 1072 βάλοι
558 1016 585 1050 τε
600 999 649 1051 κού
669 994 761 1070 βάλοι.

347 1146 395 1217 ιι,
418 1145 470 1204 xl.
492 1144 708 1204 uunnnouon.

188 1267 332 1362 Κνθρωπος
343 1287 394 1340 ούκ
405 1283 555 1362 ἅνθρωπος,
573 1283 712 1362 ἄνθρωπος
726 1282 750 1338 δ’
762 1285 847 1359 όμως,

188 1369 281 1449 όρνιθα
295 1375 364 1429 κούκ
378 1371 482 1450 όρνιθοι,
497 1371 591 1450 όρνιθοι
605 1369 631 1428 δ’
646 1372 731 1448 ὅμως,

189 1461 233 1514 ἐπὶ
247 1455 331 1524 ξύλου
343 1480 371 1515 τε
385 1461 435 1516 κού
451 1455 536 1524 ξύλου
549 1459 711 1536 καθημένην

187 1546 254 1624 λίθῳ
272 1546 364 1623 βαλὼν
379 1568 406 1602 τε
421 1549 470 1602 κού
485 1545 552 1624 λίθῳ
568 1545 706 1606 διώλεσεν.

405 1697 452 1760 m,
477 1695 541 1754 th.
559 1706 654 1754 mun.

402 1809 455 1857 Ἐπί
473 1807 518 1858 τοῦ
533 1809 644 1874 κοχλίου.

148 1937 223 1989 Ζῶον
243 1935 340 2004 άπουν,
356 1934 519 2002 ἀνάκανθον,
537 1939 674 2002 ἀνόστεον,
693 1939 905 2014 ὀστρακόνωτον·

147 2119 261 2194 όμματά
274 2119 297 2173 τ’
312 2119 489 2190 ἐκκύπτοντα,
505 2125 651 2198 προμήκεα
666 2124 871 2180 κείσκύπτοντα.

331 2276 378 2346 IS,
402 2276 482 2337 XIII.
504 2278 721 2336 ΚΔΕΣΠΟΤΟΝ.

357 2389 418 2454 Περί
440 2391 586 2446 ’Λπόλλωνος
598 2393 695 2449 Δηλίου.

148 2501 182 2572 Κν
198 2520 302 2594 φανερᾷ
314 2521 447 2593 γενόμην,
463 2521 569 2596 πάτρην
581 2516 606 2573 δ’
619 2521 687 2596 ἐμοῦ
699 2518 823 2597 ἁλμυρόν
834 2517 907 2596 ὓδωρ

187 2695 269 2770 ιἰμφίς
284 2693 351 2769 ἔχει·
371 2696 465 2772 μήτηρ
480 2691 505 2748 δ’
521 2695 574 2750 ἔστ’
591 2693 719 2772 άριθμοϊο
734 2699 806 2760 πάϊς.

248 2844 294 2906 19,
319 2842 397 2900 XIV.
422 2842 612 2900 ΔΙΟΓΕΚΟΥΣ
633 2845 812 2901 ΛΑΚΡΤΙΟΥ.

382 2955 422 3010 Είτ
435 2956 557 3022 Διόδωρον
570 2956 673 3023 Κρόνον.

187 3083 271 3158 Κρόνε
284 3078 415 3158 Διόδωρε,
432 3085 470 3146 τίς
484 3103 513 3138 σι
529 3081 668 3160 δαιμόνων
683 3091 756 3161 κακῇ

227 3167 332 3246 άθυμίφι
346 3164 509 3246 ξυνείρυσεν,

186 3256 220 3312 ἵν’
236 3257 317 3320 αύτός
331 3257 412 3312 αὑτόν
427 3255 552 3336 ίμόάλης
565 3261 604 3323 εἰς’
612 3260 761 3338 Τάρταρον,

227 3342 381 3406 Στίλπωνος
394 3345 426 3400 ού
440 3343 525 3409 λύσας
540 3347 591 3417 ίπη

188 3429 393 3507 εἰνιγματώδης
409 3437 505 3511 τοιγάρ
521 3433 632 3511 εύρίθης
646 3437 757 3513 Κρόνος,

227 3515 322 3582 ἔξωθεν
337 3522 384 3574 τοῦ
401 3521 437 3596 ῥῶ
453 3523 549 3576 κάππα
563 3541 600 3580 τι.

351 3661 399 3729 εί),
423 3661 488 3720 XV.
510 3667 573 3714 τοι
590 3667 699 3716 error.

148 3785 309 3864 Μιξονόμου
323 3809 351 3844 τε
363 3791 454 3868 πατὴρ
469 3792 573 3869 ίρίφου,
590 3795 637 3848 καί
651 3793 774 3870 σχίτλιος
788 3793 864 3872 ἰχθύς

146 3875 263 3946 πλησίον
276 3879 420 3953 ἠρείσαντο
434 3882 571 3956 καρήατα,
585 3879 671 3936 παῖδα
684 3880 713 3935 δὲ
727 3883 821 3948 νυκτός

147 3959 291 4040 δεξάμενοι
308 3963 477 4043 βλεφάροισι,
494 3968 642 4025 Διωνύσοιο
657 3971 772 4033 ἄνακτος

149 4049 282 4128 βουφόνον
298 4055 348 4107 ούκ
361 4051 485 4110 ἐθίλουσι
499 4053 664 4126 τιθηνεῖσθαι
677 4055 838 4134 θεράποντα.

334 4214 381 4278 II,
406 4213 484 4273 XVI.
507 4214 724 4274 ΑΔΕΣΠΟΤΟΝ.

444 4327 485 4382 Εἷς
498 4329 614 4390 Σάραπιν.

146 4430 221 4499 Κπτά
238 4466 270 4520 με
286 4449 426 4521 φωνήεντα
441 4444 501 4501 θεόν
519 4451 604 4524 μίγαν
620 4447 733 4524 ἄφθιτον
748 4452 818 4506 αίνιῖ

149 4569 291 4578 κ--ο--ι

371 4640 409 4688 19.
429 4653 549 4688 ntooeme
565 4655 679 4691 ιειειιτιι.

145 4763 229 4815 Crone
243 4765 365 4824 Diodoro,
380 4765 437 4830 quie
449 4765 556 4816 deorum
568 4773 593 4816 te
605 4767 681 4818 malie

180 4847 304 4912 objecerit
318 4847 461 4908 doloribus,

145 4925 197 4988 dic,
213 4925 270 4992 ipoe
281 4935 309 4978 nt
322 4936 407 4978 utrum
420 4937 512 4993 sponte
526 4937 626 4993 peteres
639 4931 789 4990 Tartarum.

180 5009 306 5076 Stilponie
319 5010 406 5062 abditu
420 5012 488 5062 haud
504 5012 592 5062 ualens

144 5092 251 5158 aperire
263 5094 349 5146 dictni
364 5095 547 5162 Deprehencus
561 5111 588 5146 es
605 5095 700 5162 Κρόνος

181 5177 233 5227 uto
246 5189 273 5230 et
287 5179 381 5246 chpu
393 5176 507 5243 demptis
520 5179 625 5230 litteris.

696 5261 763 5298 tntu.
780 5263 804 5299 1¹.
818 5261 905 5298 utnon.

1664 471 1721 528 567

1193 598 1236 658 15,
1255 595 1290 650 X.
1310 593 1497 653 CLEARCHI.

998 730 1101 786 Fabula
1119 734 1247 802 quaedem
1261 741 1304 790 est
1317 733 1403 790 virum
1416 735 1463 807 qui
1477 753 1530 791 non
1545 754 1586 792 νιε
1600 743 1651 801 est,

998 833 1074 873 avem
1089 837 1149 891 que
1160 836 1215 874 non
1225 827 1269 877 est
1279 819 1338 877 uvis
1349 839 1409 877 cum
1423 821 1537 878 vidisset
1549 839 1603 878 non
1616 822 1721 891 videns,

998 923 1081 978 super
1094 906 1198 978 lignum
1213 908 1348 980 qnodnon
1359 908 1462 982 lignum
1476 916 1519 966 est
1532 909 1702 977 insidentem„

997 990 1087 1064 lapide
1101 993 1147 1065 qui
1160 1010 1214 1049 non
1227 1001 1271 1050 eet
1285 994 1354 1067 lepis
1364 995 1466 1068 petisse
1482 1013 1570 1070 neque
1584 996 1696 1070 petisse.

1192 1146 1232 1207 16,
1253 1144 1301 1198 xl.
1320 1142 1494 1198 ΑΝΟΝΥίίίί.

1000 1283 1085 1338 Homo
1099 1281 1146 1356 qui
1161 1299 1214 1338 non
1226 1283 1307 1340 homo
1322 1289 1375 1349 cst,
1391 1284 1473 1339 homo
1486 1291 1586 1350 tumen,

999 1385 1075 1424 nvem
1090 1369 1357 1442 commestionis,
1372 1387 1447 1426 avem
1466 1378 1568 1436 temen,

998 1473 1082 1529 super
1095 1456 1198 1530 lignum
1216 1457 1289 1530 quod
1307 1475 1361 1514 non
1376 1465 1418 1514 est
1432 1458 1535 1532 lignum
1550 1459 1720 1526 insidentem,

998 1543 1088 1616 lepide
1104 1545 1217 1618 petitum
1232 1562 1285 1600 non
1300 1545 1390 1617 lepide
1405 1546 1550 1602 interfecit.

1226 1697 1267 1759 m,
1286 1694 1347 1750 xli.
1367 1704 1466 1746 ιιιιιυ.

1257 1800 1294 1849 De
1311 1800 1431 1850 cochlea.

963 1931 1069 1986 Animal
1079 1932 1137 1988 eine
1147 1931 1272 2006 pedibus,
1286 1933 1345 1989 sine
1354 1934 1451 2007 spinis,
1462 1933 1520 1990 sine
1530 1951 1602 2000 osse,
1617 1943 1723 2008 tergum

1431 2024 1591 2092 [testaceum
1604 2021 1722 2088 hubens;

964 2107 1088 2182 oculique
1103 2109 1291 2176 deflectentes,
1307 2109 1439 2182 prolongi
1453 2117 1481 2165 et
1494 2109 1666 2166 sein-semet
1682 2111 1722 2166 iu·

1180 2271 1221 2334 n,
1241 2267 1316 2324 xm.
1336 2266 1513 2324 εινοννινι.
1559 2199 1721 2270 mmm

1202 2375 1240 2424 De
1257 2373 1380 2440 Apolline
1399 2373 1483 2424 Delio.

964 2508 992 2564 ln
1019 2505 1092 2565 terr'c
1114 2526 1174 2582 qne
1193 2509 1464 2566 editu-eet-in-lucem
1486 2516 1655 2576 natussum,
1678 2525 1724 2581 pn-

1303 2597 1448 2671 [triemque
1462 2613 1549 2653 meum
1564 2597 1637 2653 οοίεο
1652 2612 1723 2670 eque

998 2679 1178 2742 circumtenet
1193 2702 1199 2740 :
1216 2693 1304 2741 meter
1318 2692 1409 2741 eutem
1424 2693 1467 2741 est
1480 2685 1585 2740 numeri
1600 2684 1664 2741 filie.

1096 2838 1138 2901 19,
1157 2835 1230 2892 ΚΝ.
1251 2834 1416 2892 DIOGENIS
1435 2835 1588 2891 LAERTII.

1094 2945 1123 2993 In
1135 2943 1278 2994 DIodorum
1292 2944 1443 3008 cognomine
1461 2943 1584 2992 Crocum.

998 3079 1086 3137 Crono
1099 3078 1228 3146 Diodore,
1243 3077 1305 3151 quie
1320 3083 1348 3133 te
1361 3077 1511 3132 demonum
1526 3076 1597 3133 mele

1033 3166 1224 3240 desperatione
1239 3164 1380 3238 compulit,

999 3263 1029 3312 ut
1041 3255 1101 3330 ipse
1115 3259 1142 3311 te
1157 3253 1247 3327 ipsum
1261 3253 1387 3326 injiceres
1401 3252 1429 3308 in
1444 3252 1597 3320 Turturum,

1033 3361 1093 3399 cem
1105 3341 1238 3416 Stilponis
1253 3359 1306 3396 non
1320 3340 1492 3397 dissolvieees
1508 3341 1592 3398 verbe

997 3428 1193 3504 enigmatice?
1205 3430 1307 3502 Nempe
1322 3434 1448 3502 repertus
1460 3445 1521 3485 erus
1534 3429 1630 3500 Κρόνος

1035 3520 1092 3578 eine
1104 3521 1153 3575 rho
1168 3535 1320 3590 cappaqne.

1191 3661 1235 3721 to,
1255 3655 1316 3712 XV.
1337 3665 1479 3710 musuuu.

963 3787 1274 3861 Promiscuepescentis
1289 3793 1368 3860 peter
1381 3787 1462 3856 hedi,
1475 3795 1504 3844 et
1517 3787 1598 3846 miser
1613 3791 1701 3863 piscis,

963 3895 1049 3954 prope
1061 3874 1453 3948 Invicem-opposuerecepite,
1467 3875 1604 3950 filiumque
1617 3877 1706 3934 noctis

963 3983 1025 4023 oum
1037 3965 1209 4037 susceperint
1223 3962 1370 4036 palpebris,
1386 3963 1487 4019 Becchi
1502 3964 1586 4038 regie,

964 4072 1018 4129 quo
1037 4053 1238 4110 boe-mactetur
1259 4052 1356 4107 nolunt
1375 4051 1479 4107 nutrire
1496 4055 1515 4108 ι’.
1534 4069 1558 4109 ε.
1579 4053 1666 4109 colere
1687 4053 1724 4109 ie-

1601 4140 1721 4212 [mulum.

1175 4215 1218 4275 nt,
1239 4210 1312 4265 XVI.
1333 4207 1508 4266 ANONYMI.

1256 4317 1285 4366 In
1303 4315 1426 4380 Sei-apin.

1602 4380 1724 4453 [laudent

964 4456 1075 4529 Septem
1098 4469 1140 4509 me
1159 4452 1266 4508 vocales
1284 4452 1362 4506 deum
1388 4467 1515 4524 magnum
1537 4451 1722 4523 incorruptum

1249 4641 1291 4688 2⁰.
1309 4653 1432 4688 moenem.

961 4733 1047 4785 Piscis
1062 4731 1224 4798 perniciosus
1239 4739 1266 4781 et
1279 4729 1391 4781 errantis
1405 4739 1479 4794 patei·
1493 4729 1558 4780 hirci

960 4817 1028 4867 inter
1039 4831 1068 4867 ce
1083 4815 1170 4880 capite
1185 4814 1331 4874 obvertunt,
1347 4811 1480 4876 oculisque
1496 4818 1601 4876 recepte

959 4897 1044 4948 noctis
1058 4898 1140 4963 prole.
1154 4898 1232 4947 boum
1243 4895 1288 4960 qui
1302 4909 1360 4945 eece
1374 4901 1492 4944 cruentat

960 4981 1047 5032 Leneei
1061 4981 1132 5046 regie
1146 4980 1269 5031 famulum
1280 4978 1379 5029 nutrire
1392 4983 1522 5027 recusant.
1557 4991 1583 5027 ιι.
1599 4991 1718 5048 (ιιυυιυοι

1247 5075 1287 5122 21.
1307 5085 1436 5121 monum.

1257 5155 1285 5204 In
1298 5155 1422 5218 Sarapin.

931 5290 936 5308 ,
962 5247 1003 5297 Me
1015 5251 1115 5312 neptem
1128 5245 1248 5295 interitus
1261 5261 1350 5304 expers
1366 5247 1465 5294 vocatia
1481 5259 1574 5294 numen
