4008 6030
560 430 683 494 tntPUt
712 431 777 490 Vll.
808 429 1080 504 PROBLEMATA,
1108 432 1329 492 AENIGMATA.

141 566 191 638 ἠδ’
207 567 387 632 ἑκατοντάδας
403 569 484 637 όκτὼ,
498 569 687 644 ἀπιστοκόροις
700 563 850 642 ἀνθρύποις

112 681 131 728 5
146 657 255 732 ούνομα
269 654 399 728 δηλώσει·
417 659 449 711 σὺ
465 654 489 710 δ’
506 657 544 709 tut
558 657 634 731 φρεσὶ
647 658 712 730 σῇσι
723 657 823 723 νόησον

147 743 295 801 ἀθανάτοιο
311 747 380 802 Θεοῦ
394 746 507 824 Χριστὸν
522 741 598 800 παῖδ’
614 743 749 820 ύψίστοιο.

323 879 372 963 ei,
396 891 490 951 xxii.
512 888 728 960 insanorum

149 1010 187 1086 tlv
202 1031 242 1086 ὅτ’
258 1031 306 1102 ίην
324 1030 411 1108 βροτῷ
428 1028 530 1093 εἴκελος
545 1032 618 1105 ἅψεα
631 1027 683 1098 aldi
696 1033 801 1103 νόημα,

188 1121 236 1174 καί
248 1123 310 1183 νόος
325 1121 448 1194 έοτύγεεν
460 1123 549 1174 πᾶσαν
565 1121 725 1194 ἀγηνορίαν·

149 1207 235 1284 αὐτὰρ
249 1205 330 1261 ἔπειτ’
346 1203 431 1276 ίδοίην
442 1208 539 1276 κενεὴν
554 1208 652 1283 σοφίην
667 1207 713 1259 καὶ
726 1207 821 1280 τῦφον,

188 1384 235 1437 καὶ
248 1381 326 1438 πάντ’
340 1381 460 1457 ἤμειψοι,
476 1385 581 1458 χρῶτα,
597 1385 673 1453 νόον,
692 1379 788 1455 μέλεα.

121 1505 135 1548 5
148 1469 287 1526 Δάκτυλον
298 1470 439 1546 ἐκπάγλως
449 1467 532 1533 πόδα,
544 1471 591 1523 καί
600 1465 674 1523 πόδα
685 1466 818 1523 δάκτυλον
826 1468 907 1542 ἴσχω·

189 1559 304 1636 ὄμματά
321 1579 368 1634 μοι
380 1562 449 1623 ποῦς
462 1560 509 1614 καί
523 1555 668 1624 δάκτυλος,
684 1555 815 1632 ἀνθερεὼν
830 1559 907 1617 πούς,

148 1649 196 1700 καί
214 1641 358 1723 ξύμπαντα
380 1646 451 1722 μέλη
475 1650 552 1713 ποῦς,
574 1647 660 1721 αὐτὰρ
682 1645 696 1698 ό
720 1647 787 1705 πούς
808 1643 840 1698 ού
863 1662 910 1717 μοι

188 1737 236 1789 καὶ
249 1733 372 1811 κεφαλὴν
387 1737 475 1811 φορέω
490 1731 616 1810 δακτύλῳ
631 1729 779 1787 ἀντίθετον.
821 1728 907 1808 [ποῦς

378 1885 427 1954 κύ,
451 1881 559 1941 Xxlll.
582 1891 681 1940 annu.

150 2011 289 2102 Ιδγκύρσας
302 2023 458 2082 νεπόδεσσιν
475 2025 544 2100 ἀνὴρ
560 2021 680 2085 δείλαιος
695 2018 828 2088 ἀέλπτως,

149 2115 248 2177 καύτός
263 2115 289 2168 ἐν
303 2116 335 2168 οὐ
352 2111 466 2175 πολλοῖς
481 2111 562 2188 ὥραις
575 2113 654 2172 *riam
670 2105 835 2184 ἐξεφαάνθη.

149 2203 196 2255 καί
210 2205 301 2278 φωνῆς
318 2203 365 2276 μίν
381 2197 422 2254 δ’δ’
437 2197 473 2268 ’ἦν
487 2196 612 2265 ἐπιδευὴς
627 2194 724 2251 ἔλλοπι
737 2193 793 2250 ἶσα·

150 2377 319 2450 λύγοισοὶμην
333 2370 357 2427 δ’
368 2372 457 2448 έτερον
471 2367 575 2425 νίποδα
589 2369 676 2446 βροτῷ
692 2367 794 2423 εἴκελον
808 2365 907 2440 αὐδήν,

150 2466 196 2517 καί
210 2461 292 2537 θαῦμ’
307 2458 356 2531 ἦεν
372 2462 480 2514 ἀκούειν
494 2455 671 2536 ἀφραδίεσσιν
686 2458 809 2514 ἄπιστον.

386 2610 434 2674 99,
458 2606 567 2668 xxlv.
583 2617 679 2665 annu.

152 2737 188 2806 bv
204 2749 310 2828 έθέλης,
325 2747 418 2804 λαλέω
433 2753 524 2824 φωνῆς
538 2745 614 2825 δίχα·
631 2750 674 2802 σοί
687 2749 741 2824 γὰρ
755 2748 872 2824 ὑπάρχει

192 2841 279 2916 φωνό,
295 2841 358 2915 ίμοί
373 2836 402 2894 δὲ
421 2841 510 2913 μάτην
524 2836 610 2914 χείλι’
625 2838 801 2912 ἀνοιγόμενα.

387 2989 435 3054 30,
459 2985 552 3047 XXV.
569 2987 664 3038 Addo.

191 3116 312 3209 δλεγχος
327 3135 384 3208 εἰμί
398 3136 449 3186 τῶν
466 3129 562 3207 φίλους
576 3127 762 3204 ἀρνουμένων,

194 3217 307 3296 βρότους
322 3223 427 3296 ὲγείρω,
444 3219 510 3295 πρός
524 3221 623 3279 πόνους
638 3219 809 3292 παροτρύνω.

188 3308 300 3383 Τέμνεις
313 3307 449 3386 κεφαλὴν,
467 3302 609 3382 έκθερίζεις
623 3305 739 3379 αὐχένα,

189 3399 237 3450 καὶ
247 3399 361 3472 γίνομαι
374 3399 438 3459 παῖς
452 3396 550 3449 αὐτίκα
565 3389 722 3466 βασιλέως,’

192 3487 262 3562 ἀνὴρ
279 3485 424 3561 αὐστηρός,
441 3480 593 3552 ἀκλόνητος
606 3479 633 3533 έν
651 3481 741 3555 μάχη,

373 3635 422 3704 3¹,
446 3630 555 3691 xxvi.
573 3637 669 3686 illo.

152 3773 228 3831 lls'sc'
242 3771 335 3851 ἄνδρες
349 3771 416 3826 δέκα
433 3775 514 3841 νηυσὶ
527 3768 682 3840 κατήλυθον
697 3771 734 3832 είς
748 3769 794 3824 ’ἕνα
807 3771 909 3845 χῶρον,

151 3953 178 4007 tv
194 3949 223 4007 δί
234 3949 321 4014 λίθοις
336 3952 485 4026 ἐμάχοντο,
501 3945 578 4002 λίθον
592 3943 615 4001 δ’
630 3947 680 4001 οὐκ
691 3943 727 4014 ἦν
743 3941 896 4000 ἀνελέσθαι·

152 4125 221 4205 δίψη
236 4125 261 4181 δ’
278 4122 440 4196 ἐξώλλυντο,
457 4121 528 4202 ίίδωρ
545 4121 570 4178 δ’
586 4123 709 4200 ὑπερεῖχε
721 4125 823 4197 γένεια.

374 4283 422 4348 3ύ,
446 4279 568 4340 xxvtt.
590 4289 687 4336 anno.

153 4425 269 4478 Σκέπτεο
287 4419 371 4497 μῦθον
386 4423 474 4496 ίμιίο,
492 4421 521 4474 δν
537 4415 566 4483 ἐξ
580 4420 700 4494 ἀφανοῦς
712 4421 846 4496 ἀγορεύω,

151 4513 199 4567 καὶ
211 4509 355 4565 ποθέουσιν
369 4504 457 4573 δεῖξον
473 4509 543 4583 ἐμὴν
561 4504 683 4582 ἀψευδέα
698 4510 816 4583 μορφήν,

152 4602 176 4656 τί
190 4601 271 4676 σοφίη
288 4617 317 4653 σε
331 4596 405 4673 φιλεῖ
418 4599 465 4650 καί
479 4614 522 4650 σοι
534 4593 617 4670 λόγος
632 4593 728 4649 έπλετο
746 4599 860 4668 μούσης.

153 4691 251 4757 Ξείνης
263 4689 320 4761 εἰμί
335 4689 439 4763 φύσεως
452 4680 533 4752 ζῶον,
550 4686 631 4738 πνείω
646 4680 712 4760 δίχα
724 4687 831 4750 πνοιῆς·

132 4823 142 4848 ,,
153 4773 216 4832 δοιά
232 4795 280 4850 μοι
293 4774 397 4850 ὄμματ’
413 4769 505 4826 δπισθε
519 4769 583 4847 παρ’
599 4769 740 4846 ἐγκεφάλῳ
756 4771 890 4837 latensi-r,

131 4847 222 4921 υοἷσιν
238 4863 282 4940 ὑφ’
296 4865 476 4938 ἡγεμόνεσσιν
492 4856 642 4936 όδοιπορέω
656 4861 690 4913 τὰ
705 4855 830 4934 πρόσθεν.

152 5142 282 5193 centurias
295 5142 384 5204 implet
397 5139 475 5205 (quud
490 5153 553 5204 gaus
567 5137 701 5188 incredula
712 5137 805 5202 diseat)

152 5240 246 5278 nornen
261 5225 421 5276 adunandum
438 5240 444 5273 :
460 5223 567 5274 memori
582 5231 609 5272 tu
621 5231 706 5272 mente
720 5228 806 5272 teneto

1662 443 1718 501 569

962 565 1043 632 atque
1058 560 1253 618 hecatontadas
1266 570 1327 619 octo
1341 563 1602 624 infidis-hominibus
1638 568 1719 642 [istis

962 665 1058 704 nomen
1071 649 1219 706 declarabit
1235 668 1241 706 ι
1257 659 1287 708 tu
1302 660 1392 708 autern
1407 661 1495 710 mente
1507 663 1555 711 tua
1566 656 1687 730 intellige

962 735 1122 792 immortalis
1138 739 1186 794 Dei
1205 738 1341 796 Christum
1355 741 1437 796 filium
1453 741 1589 797 altissimi.

1173 893 1217 952 27,
1238 889 1325 946 XXII.
1342 891 1517 948 ANONYMI.

966 1025 1043 1080 Eram
1059 1043 1119 1082 cum
1139 1043 1212 1082 eram
1228 1027 1334 1085 mortali
1350 1029 1445 1084 similis
1460 1037 1487 1086 et
1501 1029 1629 1086 membris
1644 1036 1672 1086 et
1686 1031 1725 1085 in-

998 1120 1027 1168 ct
1038 1130 1114 1169 mens
1126 1115 1222 1170 oderat
1231 1131 1336 1171 omnem
1347 1116 1501 1188 superbiam
1521 1135 1527 1172 :
1593 1117 1722 1190 [telleclm

964 1202 1012 1256 sed
1028 1209 1125 1274 postea
1143 1201 1224 1258 didici
1247 1203 1353 1260 inanem
1376 1221 1431 1260 esse
1450 1205 1611 1278 sapientiam
1633 1185 1661 1262 ‘ct
1682 1205 1723 1262 lu-

1628 1299 1722 1362 [mum‚

999 1385 1027 1432 et
1040 1385 1138 1434 cuneta
1152 1380 1263 1444 mutavi,
1280 1379 1407 1441 colorem.
1424 1389 1551 1442 ruentem.
1566 1381 1696 1436 membra.

964 1465 1223 1524 Δάκτυλονιοίείθοο
1233 1467 1329 1540 pedem
1339 1475 1386 1526 καί
1395 1469 1467 1526 πόδα
1476 1471 1609 1527 δάκτυλον
1619 1469 1722 1525 habeo:

1004 1557 1118 1632 ὄμματα
1133 1555 1198 1609 mihi
1213 1571 1263 1628 pes
1277 1562 1305 1611 et
1319 1555 1460 1623 δάκτυλος,
1477 1565 1596 1613 mentum
1611 1575 1670 1630 pes.

964 1647 991 1696 et
1006 1641 1096 1696 omnia
1108 1642 1228 1698 membra
1240 1659 1299 1716 pes,
1311 1645 1359 1698 sed
1375 1661 1424 1716 pes
1438 1661 1490 1700 non
1507 1646 1571 1700 mihi
1585 1663 1634 1717 pes
1651 1663 1657 1699 :

1000 1736 1028 1786 ct
1038 1732 1162 1809 κεφαλὴν
1177 1729 1234 1786 lero
1249 1732 1374 1812 δακτύλῳ
1391 1733 1627 1806 contra-positam.

1206 1883 1249 1944 28,
1270 1881 1370 1937 Xlllll.
1391 1891 1490 1935 aurun.

965 2019 1031 2075 Cum
1044 2019 1184 2076 incidisset
1199 2023 1225 2074 iu
1239 2019 1328 2093 pisces
1342 2021 1383 2076 vir
1399 2021 1508 2076 timidus
1524 2021 1671 2095 insperato.

964 2107 1066 2180 etipse
1080 2108 1238 2164 nonmultis
1253 2109 1328 2164 buris
1343 2109 1427 2182 piscis
1442 2111 1584 2182 apparuit,

964 2202 992 2251 et
1005 2212 1071 2251 roca
1089 2195 1198 2269 quidem
1217 2196 1262 2252 hic
1281 2203 1340 2252 erat
1358 2196 1484 2270 indigens
1504 2197 1661 2272 pisci-muto
1676 2217 1724 2272 pa·

1637 2287 1702 2343 riter
1716 2305 1722 2341 τ

965 2371 1028 2426 Vidi
1043 2379 1132 2428 autem
1152 2372 1266 2428 alterum
1281 2372 1383 2446 piscem
1399 2373 1500 2429 homini
1517 2287 1635 2430 simileni
1646 2393 1721 2438 voce,

965 2467 992 2514 et
1004 2459 1160 2514 miraculum
1177 2467 1235 2516 erut
1250 2461 1344 2516 auditu
1360 2459 1462 2534 ignaris
1477 2462 1642 2518 incredibile.

1199 2611 1245 2674 tu,
1264 2608 1364 2664 XXIV.
1385 2618 1485 2661 aurun.

964 2751 993 2806 Si
1006 2749 1085 2816 velis
1101 2749 1197 2822 loquor
1210 2751 1313 2824 absque
1327 2768 1394 2806 vnce
1410 2767 1417 2804 ι
1431 2750 1479 2805 tibi
1496 2751 1566 2806 enim
1581 2759 1624 2808 est

1000 2855 1063 2902 uox,
1079 2838 1146 2892 mibi
1159 2847 1250 2894 autem
1265 2839 1368 2894 lrustra
1382 2838 1459 2893 labra
1471 2846 1575 2910 aperta.

1213 2991 1256 3054 att,
1276 2989 1361 3044 XXV.
1383 2998 1479 3040 aranu.

1000 3129 1083 3185 ludex
1099 3145 1145 3196 epu
1158 3145 1216 3182 sum
1232 3127 1333 3182 amicus
1349 3128 1548 3200 renegantium‚

1000 3216 1127 3272 mortales
1141 3231 1154 3271 e
1168 3231 1259 3271 somno
1271 3213 1370 3279 excito,
1386 3214 1539 3270 adlabores
1554 3215 1670 3288 impello.

1004 3304 1033 3360 Si
1049 3319 1160 3359 exseaas
1175 3311 1267 3374 caput,
1283 3302 1361 3357 metis
1376 3302 1518 3369 cervicem,

997 3393 1052 3465 iam
1067 3392 1102 3446 lio
1119 3389 1190 3444 lilius
1204 3389 1265 3444 iude
1279 3389 1363 3460 regis,

1001 3478 1150 3541 indutus,
1166 3476 1291 3532 immotus
1307 3475 1449 3548 inpugna.

1204 3636 1247 3697 tt,
1268 3631 1366 3687 XXVI.
1387 3639 1485 3682 numa.

966 3775 1090 3846 Quinque
1102 3772 1151 3828 viri
1161 3773 1253 3828 decern
1264 3771 1380 3828 navibus
1393 3771 1592 3829 descenderunt
1601 3774 1627 3829 in
1643 3793 1723 3830 unum

1616 3861 1723 3934 [lucum¹

965 3949 1103 4024 lapidibus
1118 3956 1207 4005 autem
1229 3947 1399 4020 pugnabant,
1416 3947 1531 4020 lapidem
1547 3965 1612 4004 vero
1626 3967 1678 4004 non
1693 3950 1725 4004 li-

1511 4035 1603 4108 [cebal
1617 4037 1724 4103 tollere;

966 4127 1011 4183 siti
1032 4133 1122 4182 autem
1140 4124 1278 4198 peribant,
1295 4140 1366 4195 aqua
1382 4130 1470 4178 lamen
1486 4125 1633 4195 superabat
1652 4141 1724 4180 men-

1646 4213 1723 4283 [tum.

1192 4285 1235 4346 ³2,
1256 4280 1369 4336 xxvtt.
1391 4290 1488 4332 aurun.

966 4423 1065 4497 Aspice
1085 4421 1202 4478 tabulam
1218 4421 1318 4486 deme,
1334 4437 1414 4494 quam
1431 4437 1465 4474 ex
1479 4419 1584 4476 occulto
1599 4421 1723 4490 enuncia,

966 4519 993 4568 et
1007 4509 1179 4583 cupientibus
1193 4508 1306 4564 ostenda
1324 4525 1409 4562 meam
1428 4506 1654 4562 non-mendacem
1674 4508 1726 4562 lor·

967 4618 988 4655 si
1004 4596 1139 4671 sapientia
1153 4605 1179 4652 te
1190 4603 1263 4652 amnt
1275 4605 1302 4652 et
1318 4595 1365 4649 tibi
1382 4595 1449 4650 ratio
1465 4602 1507 4651 est
1518 4611 1611 4650 musae.
1632 4597 1722 4666 [mam

968 4687 1104 4744 lnusitntm
1118 4701 1176 4739 sum
1191 4681 1423 4750 naturaeanima13
1443 4680 1517 4754 spiro
1528 4680 1586 4736 sine
1601 4680 1698 4752 spiritu
1714 4699 1722 4736 :

938 4827 940 4845 ,
966 4778 1019 4831 duo
1034 4772 1100 4828 mihi
1114 4771 1184 4827 oculi
1197 4787 1267 4844 pone
1279 4770 1358 4842 juxta
1373 4769 1513 4824 cerebrum
1529 4769 1630 4832 insunt,

937 4853 942 4940 Ι
966 4863 1066 4937 quibus
1081 4860 1132 4915 sub
1147 4858 1261 4914 ducibus
1276 4857 1432 4912 viam-lucio
1448 4858 1548 4912 iuunle.

1444 5017 1721 5028 --—-—-

966 5133 1106 5194 Christum
1120 5133 1162 5198 qui
1176 5145 1276 5182 summo
1289 5141 1359 5180 satus
1372 5139 1520 5192 aeternoque
1534 5127 1645 5176 Parente
1657 5135 1705 5174 ert.

1514 5225 1539 5261 ο.
1556 5223 1721 5261 κιυκιικυυκ.
