4008 6030
490 409 615 472 CAPUT
644 409 709 470 Vll.
738 413 1006 480 PllOBLEblATA.
1035 421 1257 485 AENlGMrt'lA.

73 539 137 593 Τοῦ
154 543 223 615 γοῦν
238 539 299 596 κατ’
315 542 404 620 ἀρχὴν
418 545 583 619 γράμματος
598 549 796 624 κρατουμένου,

73 627 184 696 κλῆσιν
200 633 327 706 ποταμοῦ
342 626 477 705 λαμόάνω
492 637 657 710 παραυτίκα.

281 791 331 860 50,
354 788 443 850 XLV.
465 799 645 854 tormer.

420 906 522 971 Κηρῖαν.

78 1041 194 1110 Πτηνόν
211 1061 244 1116 με
257 1046 349 1118 γενναῖ,
366 1045 413 1098 καὶ
429 1043 525 1119 βροτόν
546 1049 628 1121 μαῖαν
644 1049 727 1124 pipat,

76 1124 113 1182 οὗ
130 1125 242 1204 πρέσδις
256 1131 381 1207 οὐράνιος
395 1130 509 1195 δστιλος
522 1131 608 1188 πέλω.

76 1199 116 1270 ,δν
135 1213 163 1270 δ’
178 1219 325 1293 άπατάμῃς
338 1221 388 1289 τήν
402 1219 462 1274 κατ’
478 1223 565 1297 ἀρχάς
581 1242 634 1296 μου
649 1225 745 1300 κάραν,

78 1303 193 1382 δάκρυα
207 1311 272 1361 κινῶ
286 1311 333 1362 καὶ
349 1312 435 1384 μόνης
452 1311 482 1363 έκ
494 1313 543 1378 τῆς
558 1306 631 1373 θέας·

51 1395 105 1448 δεῖ
122 1391 148 1447 δ’
165 1393 270 1472 ἀφέλῃς
287 1415 339 1472 μου
354 1400 401 1451 καὶ
414 1401 500 1473 κάραν
516 1398 565 1466 τὴν
581 1395 719 1476 δευτέραν,

81 1479 209 1552 ποθητόν
224 1485 282 1560 εἰμι
294 1483 431 1548 ναυτίλοις
444 1487 470 1538 ἐν
485 1489 543 1550 ταῖς
556 1482 662 1552 ζάλαις·

83 1572 109 1624 si
125 1568 151 1624 δ’
168 1567 203 1625 αὖ
217 1571 340 1648 κεφαλὴν
356 1571 461 1650 ἀρέλῃς
478 1593 531 1650 μου
546 1577 593 1629 καί
607 1579 711 1652 τρίτην,

85 1660 136 1735 ἔαρ
152 1659 184 1713 τό
200 1659 367 1738 τερψίθυμον
384 1664 419 1725 τῖς
436 1665 517 1736 μέσον
531 1665 613 1739 φέρω.

84 1751 118 1804 Et
134 1745 160 1802 δ’
176 1749 325 1826 ἀποκόψεις
339 1752 386 1805 καὶ
398 1754 529 1828 τετάρτην
548 1771 601 1826 μου
616 1755 713 1830 τιάραν,

45 1835 71 1880 ¹⁰
85 1830 204 1912 ὕπαρξιν
219 1840 249 1893 έκ
264 1840 388 1917 ῥήματος
402 1841 449 1893 καὶ
466 1843 552 1914 μόνην
568 1841 634 1917 ἔχω·

85 2019 221 2094 γραμμαί
236 2018 378 2071 συνιστῶσί
396 2036 429 2091 με
443 2018 521 2090 τρεῖς.
539 2016 620 2092 bapt,
637 2021 704 2076 νόει.

279 2169 328 2236 51,
352 2165 455 2226 XLVI.
479 2174 660 2226 rorarios.

371 2279 567 2338 Ιῖοντοτταέκτης.

91 2405 155 2474 liert
168 2439 194 2474 τι
208 2416 319 2497 δένδρον
332 2422 384 2474 τῶν
400 2421 555 2496 ἀνακτόρων
571 2422 664 2493 μέσον,

90 2505 123 2562 οὗ
139 2504 200 2583 ῥίζα
214 2511 261 2562 καί
273 2504 309 2584 ζῇ
324 2511 371 2562 καί
384 2506 467 2563 λαλεῖ
480 2511 594 2584 καρποῖς
611 2508 679 2582 ipa.

90 2583 151 2673 iipp
165 2593 194 2652 δέ
213 2599 263 2674 μιᾷ
276 2600 323 2652 καί
338 2601 482 2673 pertulerat
496 2592 586 2664 ἰένως,

90 2683 230 2739 uulsella
244 2686 396 2738 staretstart
410 2688 543 2760 τρυγᾶται
557 2677 671 2759 ῥιζόθεν.

270 2843 317 2908 55,
343 2841 459 2902 vall.
482 2851 545 2900 ror
561 2851 672 2900 emor.

443 2952 497 3011 Art.

89 3100 161 3152 Ζῶον
178 3099 226 3171 μέν
243 3098 299 3171 τίμι
309 3099 458 3173 τετράπουν
473 3099 558 3173 κερῶν
575 3091 652 3174 δίχα·

90 3187 116 3240 ἐν
132 3187 221 3262 εῖρίοις
235 3187 344 3262 eripuere
358 3188 577 3261 πεπυκασμένον.

92 3276 200 3350 Πρώτου
215 3269 245 3328 δέ
263 3293 315 3350 μου
330 3276 494 3352 γράμματος
509 3272 712 3340 έκλιλοιττότυς,

93 3365 140 3438 μιᾷ
154 3359 281 3438 unitate]
296 3365 342 3417 καὶ
355 3366 443 3426 τόνοις
457 3364 483 3418 έν
498 3364 554 3426 τοῖς
567 3363 636 3426 ἴσοις

90 3451 184 3521 κλῆσιν
201 3449 337 3527 άπεχδοῦς
349 3453 461 3528 εἰσφέρω
476 3447 608 3525 (aliptes.

265 3602 313 3664 55,
338 3599 470 3659 XLthl.
493 3609 553 3657 rur
569 3609 678 3658 error.

425 3723 512 3778 ”owe

92 3865 174 3939 Μέρος
190 3863 237 3938 μέν
253 3863 310 3936 εἰμι
325 3863 451 3937 σώματος
464 3859 644 3939 ἀνθρωπίνου·

92 3953 186 4004 οὐκοῦν
203 3969 236 4024 με
250 3951 298 4004 καί
312 3947 424 4028 σίδηρος
439 3951 562 4026 ἐκτέμνει
572 3949 646 4006 λίαν.

93 4037 166 4092 netu
182 4035 212 4092 δέ
227 4034 404 4094 δισύλλαόον·
422 4035 486 4093 ἀλλ’
501 4035 559 4103 οὖν,
576 4039 691 4115 ὑστέρως

93 4203 169 4281 ἀρθὲν
187 4201 394 4281 μονοσύλλαόον
409 4206 436 4259 ἐν
452 4203 591 4282 διαιρέσει,

94 4291 159 4348 δύνω
174 4293 309 4371 παρευθὺς
321 4293 405 4366 ἡλίου
419 4291 598 4370 λαμπαδόνα.

277 4445 326 4516 et,
350 4443 454 4502 XLIX.
477 4454 659 4502 notemur.

427 4569 513 4630 Καρές.

96 4694 236 4752 θάλασσαν
252 4697 329 4760 οἰκῶ,
345 4695 392 4748 καὶ
407 4693 514 4772 βροτοῖς
530 4694 628 4772 βρῶσις
640 4696 725 4755 πέλω.

94 4771 126 4840 ,δν
141 4782 164 4840 δ’
180 4782 286 4862 ἀφέλῃς
300 4803 352 4860 μου
366 4784 396 4838 τό
411 4781 472 4838 κατ’
487 4786 574 4861 ἀρχὰς
588 4789 731 4862 στοιχεῖον,

96 4872 204 4948 δόκιμον
219 4873 342 4949 τόρήστις
358 4891 390 4947 με
403 4875 462 4935 ταῖς
476 4876 671 4950 τιχνουργίατς.

96 4963 124 5016 El
134 4964 200 5037 γοῦν
216 4962 396 5038 άραιρησιίας
407 4963 454 5015 καὶ
470 4963 538 5037 μετὰ
551 4959 614 5017 τόδε

76 5049 122 5104 tet
136 5047 271 5126 δεύτερον,
286 5051 343 5104 νόει
360 5069 392 5126 pt
410 5047 532 5127 βρότειον
547 5049 641 5126 μέλος.

97 5139 124 5193 Εἰ
138 5135 162 5192 δ’
178 5133 212 5194 αὖ
226 5139 257 5193 τό
271 5141 359 5214 τρίτον
377 5133 473 5216 ἐξέλῃς
487 5141 538 5193 τῶν
550 5143 733 5216 γραμμάτων,

96 5225 152 5303 etp<
167 5231 246 5304 ρέρσν
265 5249 297 5304 με
313 5229 419 5305 ῥώσεως
433 5229 583 5304 σημασίαν.

906 555 994 604 evicto
1009 556 1099 608 autem
1118 554 1170 610 sub
1181 554 1287 612 initium
1303 560 1445 628 elemento,

906 652 1004 693 nomen
1017 640 1108 695 stetim
1123 641 1242 700 fluminis
1257 647 1371 722 accipio.

1135 803 1178 864 50,
1199 801 1278 858 XLV.
1299 815 1442 860 musaeu.

1241 911 1335 962 Fenus.

906 1035 970 1090 Ales
985 1053 1027 1092 me
1040 1039 1140 1111 gignit,
1154 1051 1183 1099 et
1198 1045 1341 1104 humanam
1357 1051 1488 1106 nutricem
1503 1053 1571 1122 lero,

907 1122 953 1179 ubi
968 1143 1029 1181 curn
1045 1127 1181 1202 legatione
1200 1133 1310 1200 calesti,
1333 1137 1381 1192 sed
1399 1138 1544 1212 implumis,
1562 1141 1667 1198 adsum.

907 1211 935 1267 Si
951 1219 1042 1269 autern
1054 1216 1204 1274 abscideris
1217 1222 1290 1293 qued
1302 1222 1380 1279 initio
1389 1223 1457 1281 mihi
1470 1233 1513 1282 est
1527 1237 1618 1301 eaput,

906 1299 1032 1358 lacrimas
1045 1321 1139 1362 moveo
1152 1307 1194 1362 vel
1209 1307 1269 1382 ipso
1283 1317 1389 1374 tantum
1404 1322 1516 1386 aspectu
1534 1333 1540 1370 :

907 1387 931 1444 si
946 1396 974 1446 et
986 1389 1132 1449 abstuleris
1146 1395 1213 1450 mibi
1226 1405 1309 1470 eaput
1321 1400 1446 1466 alterum,

907 1475 1087 1535 desiderabile
1102 1497 1161 1536 sum
1175 1483 1265 1539 nautis
1280 1482 1307 1539 in
1321 1485 1446 1559 procellis
1463 1505 1470 1542 τ

908 1563 931 1618 si
946 1569 974 1620 et
989 1581 1095 1622 rursum
1107 1576 1190 1641 eaput
1202 1570 1348 1629 abstuleris
1362 1573 1429 1629 mibi
1444 1574 1563 1641 tertium,

908 1653 1300 1726 estquod-animum-obleetst
1313 1661 1341 1717 in
1356 1661 1474 1717 medium
1487 1663 1554 1719 lero.

907 1740 938 1797 si
950 1748 978 1798 et
991 1745 1129 1801 resecabis
1145 1755 1272 1819 quartum
1287 1767 1377 1807 meum
1390 1763 1483 1825 caput,

909 1828 1081 1888 existentiam
1097 1835 1211 1892 everbo
1225 1837 1269 1893 vel
1280 1838 1365 1895 solam
1380 1839 1469 1896 babeo
1485 1859 1492 1896 :

908 1915 932 1972 si
946 1925 974 1974 et
984 1935 1093 1976 rursum
1108 1939 1168 1977 eum
1181 1923 1234 1980 illis
1248 1923 1373 1997 quintum
1387 1926 1541 1995 dissidetis,

908 2005 985 2063 lineae
1000 2010 1168 2067 constituent
1184 2020 1307 2070 matres
1325 2014 1426 2080 Perite,
1443 2014 1574 2088 intellige.

1128 2175 1169 2237 51,
1191 2172 1287 2228 XLVl.
1308 2182 1451 2226 urusnsu.

1202 2297 1276 2346 Centi
1295 2299 1376 2348 lusor.

910 2387 958 2466 'Est
973 2411 1097 2484 quadem
1110 2413 1193 2469 arbor
1207 2415 1345 2486 regiorum
1362 2415 1523 2488 palatiorum
1538 2420 1634 2484 media,

908 2499 986 2571 eujus
994 2498 1073 2556 radix
1083 2500 1184 2558 etvivit
1197 2509 1225 2558 et
1235 2502 1426 2575 loquiturenm
1435 2505 1569 2562 fructibus
1580 2507 1668 2564 simul.

910 2587 971 2644 Una
981 2588 1090 2661 quidem
1105 2590 1175 2646 bora
1188 2592 1367 2664 etplantstur
1382 2591 1594 2663 insolito-mede,

908 2682 936 2730 et
949 2693 1044 2733 rursus
1057 2675 1132 2735 eadit
1145 2685 1175 2734 et
1186 2678 1310 2752 carpitur
1322 2680 1463 2738 radicitus.

1124 2836 1168 2898 52,
1187 2833 1296 2890 XLVII.
1317 2844 1460 2888 reusneri.

1242 2959 1335 3023 Capru.

907 3070 1013 3128 Animal
1024 3073 1133 3146 quidem
1147 3091 1207 3130 sum
1222 3075 1379 3148 quadrupes
1391 3075 1520 3133 cornibus
1534 3077 1637 3152 absque
1651 3096 1658 3134 :

907 3159 977 3215 villis
992 3168 1160 3218 naturssurn
1174 3162 1347 3220 instructum.

908 3249 998 3304 Prima
1010 3257 1101 3306 autern
1115 3249 1247 3308 elemento
1260 3269 1302 3308 me
1314 3251 1468 3318 deficiente,

908 3354 962 3392 uus
974 3337 1080 3410 syllaba
1093 3345 1120 3394 et
1135 3339 1293 3394 accentibus
1307 3339 1421 3412 paribus

907 3441 1003 3481 nornen
1016 3425 1101 3481 edere
1115 3425 1208 3482 invise
1223 3426 1354 3483 bestiolae.

1114 3587 1157 3650 53,
1176 3585 1299 3642 XLVlll.
1321 3596 1466 3639 suusneu.

1236 3709 1348 3776 Unguis.

908 3847 977 3904 Pars
987 3844 1097 3919 quidem
1113 3862 1172 3901 sum
1186 3845 1309 3918 eorporis
1322 3845 1448 3912 humani;

907 3937 984 4009 atqui
1003 3953 1046 3992 me
1060 3935 1143 3992 etiam
1160 3934 1262 3992 ferrum
1276 3942 1391 3991 exsecat
1403 3937 1493 3992 valde.

908 4023 1021 4082 Duabus
1040 4031 1130 4081 autem
1144 4031 1239 4080 consto
1255 4023 1367 4096 syllabis
1388 4041 1394 4078 :
1416 4041 1509 4080 verum
1535 4027 1671 4083 enimvero

1566 4117 1672 4189 [postea

907 4202 953 4259 ubi
968 4219 1010 4258 me
1023 4200 1125 4258 videris
1140 4199 1345 4273 unius-syllabas
1360 4201 1461 4259 laetum
1473 4201 1617 4270 divisione,

907 4291 1015 4348 involvo
1027 4289 1119 4347 subite
1134 4290 1199 4346 solis
1215 4289 1312 4346 lacem.

1127 4453 1171 4516 34,
1191 4449 1288 4506 XLIX.
1310 4459 1458 4505 nrusnuu.

1232 4565 1343 4631 Squilla.

908 4703 983 4758 Mera
996 4701 1094 4770 incola,
1111 4707 1139 4758 et
1154 4700 1317 4758 mortalibus
1332 4699 1410 4756 cibus
1425 4699 1471 4756 lle.

906 4789 936 4846 Si
949 4789 1014 4845 mihi
1023 4789 1169 4847 abstuleris
1179 4787 1252 4862 quod
1265 4795 1308 4846 est
1317 4788 1343 4844 in
1353 4787 1486 4862 principio
1497 4787 1669 4857 elementum,

907 4878 1052 4953 probatum
1065 4876 1187 4934 inuenies
1198 4895 1240 4932 me
1256 4875 1388 4932 artificiis.

907 4967 937 5024 Si
953 4965 1035 5024 etiam
1046 4964 1199 5040 dempseris
1212 4969 1316 5040 etpost
1329 4965 1382 5020 boe

906 5057 1031 5122 alterum,
1045 5071 1126 5111 cerne
1139 5071 1182 5110 me
1196 5055 1311 5111 mortale
1324 5052 1474 5109 membrum
1491 5093 1497 5106 .

899 5145 957 5200 Stet
972 5161 1078 5200 rursum
1091 5141 1200 5200 tertiam
1215 5140 1389 5215 excerpseris
1414 5140 1576 5208 litterarum,

909 5230 1013 5288 uidebis
1028 5229 1159 5288 terentem
1173 5247 1215 5286 me
1230 5228 1336 5284 roboris
1352 5225 1588 5300 significationem.
