4008 6030
526 420 649 480 capul*
672 423 736 482 VII.
759 425 1024 491 PROBLIIII.I'I·.I.
1047 429 1264 490 AEXIGIII'II.

293 551 340 612 73,
358 549 498 616 LXVIIL
511 560 690 608 τοιουτου.

113 688 168 740 Καὶ
181 692 233 740 τῶν
249 685 386 763 Χερουάίμ
401 692 456 764 είμι
472 694 626 767 τιμιωτέρα,

112 777 222 829 καὶτῶν
238 777 361 852 Σεραφίμ
376 774 602 854 ὑπερολῶιωτίροι,

111 865 159 916 καὶ
173 860 372 932 στιλπνοτάτων
385 863 468 932 ἡλίου
483 864 566 919 πλέον
581 868 663 942 φέρω.

113 951 158 1018 Μὴ
176 949 309 1026 Παρθένον
324 971 362 1013 τις
377 950 475 1027 ἐλπίση
493 971 525 1027 με
537 957 691 1029 τυγχάνειν,

88 1045 101 1090 5
131 1040 228 1091 υναῖκά
240 1058 299 1091 τινα
313 1043 364 1092 τῶν
379 1040 508 1114 έναρέτων
526 1043 600 1114 μίαν.

111 1055 177 1200 lxm
193 1123 221 1178 δὲ
236 1127 282 1179 καὶ
295 1129 447 1202 γράμματα
461 1131 538 1181 πέντε
552 1130 598 1181 καί
614 1133 706 1203 μόνον.

299 1276 347 1344 II,
373 1273 476 1332 LXIX.
499 1285 675 1332 rotamur.

434 1396 558 1452 Ἰωάννης.

113 1507 149 1586 Ili
165 1523 231 1577 ἑπτὰ
246 1526 396 1592 συνέστηκα
408 1528 578 1600 γραμμάτων
597 1522 712 1602 (σκόπει)

110 1607 211 1694 λύχνος
226 1611 363 1686 φεραυγής
375 1613 423 1664 τοῦ
438 1609 580 1687 τριοηλίου
596 1617 691 1688 φάους.

111 1699 147 1749 Αν
162 1692 208 1750 οὖν
224 1697 250 1748 έν
266 1698 339 1772 ἀρχῇ
354 1698 400 1750 καί
415 1696 486 1750 τέλει
501 1701 552 1750 τῶν
566 1703 737 1774 γραμμάτων

113 1781 204 1852 διττὴν
219 1779 308 1837 δυάδα
323 1788 464 1859 προσφυῶς
478 1781 624 1860 άποὶίσῃς,

86 1883 99 1928 5
113 1867 188 1934 αὖθις
201 1871 246 1924 τὸν
262 1873 343 1924 αὐτὸν
359 1873 444 1944 ἐννόει
460 1890 492 1945 με
507 1875 557 1940 τὴν
572 1877 659 1949 φύσιν.

112 1959 165 2012 Καὶ
179 1957 273 2033 θαῦμα
286 1962 352 2026 πῶς,
372 1978 424 2032 μου
438 1962 491 2012 τῶν
506 1961 594 2036 άκρων
608 1965 794 2037 τετμημένων,

111 2042 188 2111 σώζω
202 2047 232 2100 τό
248 2049 356 2120 σύμπαν
372 2041 488 2109 ἀ6λοι6ές
501 2051 549 2115 τῆς
563 2050 665 2112 οὐσίας,

312 2196 358 2254 75.
381 2195 470 2253 LXX.
492 2204 552 2252 ror
564 2205 668 2254 arsur.

428 2308 549 2371 Οὐρανός.

110 2435 182 2488 Στοά
197 2429 283 2498 ξύλων
297 2435 411 2511 ἄμοιρός
427 2436 483 2508 είμι
493 2425 543 2490 γοιαὶ
556 2433 651 2504 λίθων,

110 2520 178 2590 ὕλης
192 2541 218 2575 τε
231 2519 331 2590 λοιπῆς
345 2523 444 2596 γηΐνης
458 2526 547 2591 πάσης
561 2523 631 2597 ἅμα·

110 2607 197 2672 οὐδείς
209 2613 375 2685 περιστρέφει
391 2629 434 2684 με,
452 2613 498 2663 καί
512 2613 685 2686 παρατρέχω·

110 2694 197 2760 οὐδεὶς
211 2699 314 2772 ἐγείρει,
332 2700 379 2750 καί
393 2701 554 2772 συνίσταμαι
568 2697 662 2756 πάλιν,

307 2847 354 2914 76,
376 2845 478 2904 LXXI.
501 2853 679 2904 rotamur.

395 2969 459 3023 Νοῦς
472 2966 488 3028 ἢ
501 2971 583 3033 Ψυχή.

111 3095 198 3148 Βαίνω
213 3097 282 3148 κατὰ
296 3098 357 3171 γῆς,
375 3099 499 3174 καὶπρὸς
514 3096 582 3172 ὕψος
597 3093 632 3152 αὖ
647 3101 744 3174 τρέχω·

110 3263 197 3338 χαίρω
211 3263 277 3338 πρὸς
290 3260 370 3330 ὕλην,
389 3263 420 3316 οὐ
436 3261 505 3338 φιλῶ
521 3261 549 3317 δὲ
564 3265 613 3332 τὴν
630 3263 710 3334 ὕλην·

111 3351 134 3402 εἰ
146 3351 197 3424 γάρ
213 3347 322 3424 ἐφίλουν
337 3351 384 3403 καί
398 3353 543 3426 προσεῖχον
559 3354 593 3414 ῶς
607 3350 688 3426 φίλῳ,

111 3437 184 3511 ὅμως
198 3434 231 3490 δι’
247 3439 332 3505 αὐτῆς
345 3439 392 3490 καὶ
405 3441 575 3514 κορύσσομαι
589 3437 685 3493 πλεάν·

111 3527 156 3578 καὶ
169 3522 252 3598 γῆθεν
269 3525 339 3600 ὑψοῦ
354 3526 404 3592 τὴν
418 3524 541 3601 κεφαλὴν
557 3529 661 3602 άνάγω.

297 3676 344 3743 Π,
368 3674 483 3732 LXXII.
505 3683 567 3730 ‘ror
583 3684 688 3732 mor.

445 3795 531 3858 Κόρυς.

112 3905 205 3997 ίλρεξιν
220 3917 400 3996 ίμπίμπλημι
413 3923 464 3973 τῶν
480 3917 555 3986 ζώων
570 3919 652 3977 ὅλων.

112 4009 325 4084 Πεντάγραμμον
339 4011 446 4082 πέφυκα
461 4004 636 4085 δισυλλαὸίφι·

112 4095 143 4148 ἂν
158 4091 204 4148 οὖν
219 4093 340 4170 κεφαλὴν
357 4093 459 4170 ἀφέλῃς
473 4099 524 4149 τῶν
538 4099 719 4172 γραμμάτων,

113 4182 190 4258 εὕρῃς
207 4202 239 4255 με
253 4185 359 4236 πάντων
374 4181 498 4256 φυλακὴν
513 4186 565 4236 τῶν
580 4186 757 4260 πραγμάτων.

289 4331 335 4400 78,
358 4328 489 4388 LXXIII.
512 4341 691 4390 rorirror.

450 4451 532 4513 Ψυχή.

112 4579 167 4631 Τῶν
182 4574 288 4645 θηλέων
306 4580 353 4653 μέν
369 4579 435 4652 εἰμι·
453 4581 531 4652 σῆμα
546 4575 571 4630 δ’
588 4580 619 4631 οὐ
635 4582 706 4654 φέρω

113 4749 192 4825 μέλος
207 4749 241 4805 δι’
257 4747 289 4805 οὗ
302 4751 333 4804 τὸ
348 4749 419 4820 θῆλυ
434 4755 486 4806 πάν
500 4749 668 4828 γνωρίζεται.

110 4840 149 4892 Τὰ
162 4840 281 4913 κοσμικά
295 4843 415 4914 στοιχεῖα
431 4843 536 4915 μακράν
553 4859 605 4914 μου
621 4838 708 4895 πέλει·

111 4929 230 5001 στοιχεῖα
245 4923 268 4979 δ’
285 4924 358 4979 ἄλλα
374 4929 486 5002 τέτταρα
501 4929 622 5002 πρόσεισί
638 4947 694 5002 μοι.

89 5014 199 5068 ᾗΠοσοῶ
214 5015 244 5067 τὸ
263 5015 310 5088 μέν
324 5017 458 5090 πρόσεστι·
475 5012 580 5081 πλῆθος
593 5017 645 5090 γάρ
661 5017 732 5090 φέρω

112 5189 221 5242 καὶτῶν
237 5188 364 5262 άτμητων
379 5189 475 5241 οὐσιῶν
491 5188 624 5264 ἀπειρίαν·

252 5322 423 5360 IxruuLoula
444 5323 482 5359 Iu.

1129 569 1170 629 73,
1193 567 1309 622 LXVIII.
1332 577 1474 622 ιιιυευειι.

926 687 958 740 Εί
971 686 1114 742 Cherubim
1129 705 1188 742 sum
1204 689 1369 755 honoralior‚

925 780 951 827 el
965 773 1106 847 Seraphim
1122 775 1283 847 perbeelior.

925 869 952 915 ει
965 860 1137 932 splendorum
1152 880 1231 935 quam
1247 865 1286 919 sol
1303 865 1362 936 plus
1377 867 1444 922 lero.

924 949 965 1003 Ne
981 949 1121 1021 Virginem
1134 951 1194 1024 quis
1209 954 1359 1024 speraverit
1374 971 1415 1009 rue
1430 955 1474 1009 hie
1489 973 1559 1023 esse,

925 1035 1050 1092 feminam
1066 1037 1180 1110 aliquam
1194 1039 1479 1112 vlrlute-praedilerum
1495 1061 1584 1099 uuam.

927 1125 1018 1180 Habeo
1032 1135 1121 1182 aulem
1134 1135 1162 1183 et
1175 1127 1278 1183 liIIeras
1293 1130 1411 1202 quinque
1424 1140 1451 1187 el
1467 1151 1554 1188 unam.

1142 1280 1184 1340 τί,
1206 1278 1301 1333 LXIX.
1322 1289 1464 1334 urusoau.

1241 1394 1364 1443 Ioannes

925 1525 946 1578 Ε
961 1533 1063 1596 συρίσαι
1079 1525 1176 1581 lilleris
1191 1535 1285 1582 consto
1300 1529 1460 1602 (speculare)

925 1611 970 1666 lex
983 1611 1168 1667 lucem-edens
1183 1629 1197 1667 e
1209 1614 1353 1671 trino-sole
1367 1616 1485 1672 luminis.

924 1697 953 1753 Si
967 1699 1052 1770 igitur
1067 1699 1092 1754 iu
1106 1699 1182 1756 inilio
1197 1708 1224 1756 el
1236 1701 1289 1758 line
1300 1702 1450 1760 litterarum

924 1785 1057 1859 duplicem
1071 1787 1160 1860 dyada
1174 1795 1238 1862 apte
1253 1791 1378 1856 eraseris,

924 1890 1030 1928 rursum
1044 1891 1087 1929 me
1102 1877 1225 1932 eumdem
1240 1877 1382 1933 considera
1396 1878 1485 1950 quoad
1498 1887 1632 1938 naturam.

924 1959 959 2015 EI
977 1960 1133 2016 mIraeulum
1153 1969 1196 2018 est
1211 1964 1356 2035 quomodo,
1378 1965 1596 2022 exiremilalibus
1616 1971 1681 2024 nmis

924 2063 1027 2102 serrem
1044 2049 1152 2104 illesam
1166 2051 1289 2105 essenlim
1302 2069 1443 2107 summam.
1562 2056 1678 2126 [recisis.

1148 2203 1192 2260 75
1212 2201 1293 2254 LXX.
1314 2210 1456 2254 auusuau.

1251 2316 1356 2364 Ceelum.

924 2421 1050 2477 Porticus
1065 2421 1198 2494 lignorum
1214 2439 1312 2495 expers
1327 2441 1386 2478 sum
1400 2432 1428 2479 el
1442 2425 1571 2497 lapidum,

923 2509 1095 2582 malleumque
1110 2509 1220 2582 relique
1234 2509 1373 2566 terrestris
1387 2511 1474 2565 omnis
1489 2510 1567 2566 simul
1582 2529 1588 2566 z

924 2596 1012 2653 nullus
1025 2597 1186 2670 circumagit
1197 2615 1249 2662 me,
1266 2605 1294 2653 el
1308 2605 1486 2670 pretereurro
1503 2617 1509 2652 :

924 2685 1011 2740 nullus
1026 2685 1135 2750 excitat,
1152 2692 1180 2741 el
1193 2691 1284 2741 lamen
1299 2702 1423 2758 resurgo.

1142 2837 1184 2896 76,
1205 2834 1300 2889 LXXI.
1321 2843 1464 2886 ruusoau

1177 2949 1251 2998 Mens
1266 2948 1319 2997 sire
1333 2949 1427 2997 anima.

925 3084 1022 3140 lncedo
1037 3091 1243 3157 superterram,
1265 3091 1292 3140 el
1310 3085 1346 3140 ad
1368 3083 1535 3139 elliludinem
1553 3089 1573 3140 i.
1592 3103 1614 3140 e.
1631 3103 1680 3140 oae-

1351 3180 1355 3186 ’
1511 3171 1679 3244 [lumeurro;

925 3260 1031 3333 gaudeo
1042 3259 1115 3331 apud
1126 3258 1275 3324 materiem,
1290 3277 1342 3314 non
1354 3255 1443 3314 aulem
1457 3276 1516 3314 amo
1527 3259 1681 3327 materiam

924 3350 948 3405 si
963 3347 1034 3404 enim
1048 3365 1165 3403 amarem
1181 3354 1208 3403 el
1220 3365 1261 3401 ma
1274 3347 1298 3402 ei
1314 3347 1477 3420 applicarem
1494 3355 1524 3403 υί
1538 3348 1632 3412 amieo,

925 3436 1003 3492 simul
1016 3453 1065 3508 per
1079 3453 1138 3490 eam
1152 3443 1180 3490 el
1194 3435 1322 3507 accingor
1336 3435 1425 3507 magis
1440 3453 1446 3488 :

925 3533 1005 3597 alque
1021 3542 1035 3580 e
1050 3523 1162 3580 terrain
1180 3523 1262 3580 allum
1277 3531 1359 3597 caput
1374 3525 1470 3580 erebo,

1138 3677 1181 3737 Π,
1202 3673 1309 3727 LXXII.
1330 3681 1464 3724 qusuuu

1244 3789 1365 3838 Salielas.

923 3924 1080 3996 appetitum
1094 3922 1189 3993 expleo
1205 3921 1380 3977 animantium
1394 3922 1521 3976 omnium.

923 4008 1046 4080 Quinque
1057 4006 1155 4063 litteris
1170 4015 1247 4063 exsto
1262 4007 1421 4080 duabusque
1435 4008 1544 4080 syllabis
1562 4026 1568 4063 :

923 4096 946 4152 si
960 4105 1049 4151 aulem
1063 4101 1145 4167 capul
1159 4095 1309 4166 dempseris
1322 4094 1483 4159 litterarum,

923 4183 1042 4240 iuvenies
1056 4199 1099 4238 mo
1115 4181 1233 4238 omnium
1245 4181 1396 4237 custodiam
1409 4200 1509 4238 rerum.

1127 4335 1170 4398 78,
1191 4333 1312 4387 LXXIII.
1333 4341 1475 4383 musuau.

1248 4447 1351 4496 Anime.

924 4583 944 4638 E
963 4580 1086 4638 femineis
1105 4580 1212 4653 quidem
1231 4597 1288 4635 τιπα
1309 4595 1383 4648 ευυες
1399 4580 1506 4652 signum
1522 4587 1678 4635 autemnon

1611 4667 1679 4739 [lero

922 4756 1080 4821 membrum,
1095 4753 1224 4826 perquod
1235 4752 1365 4825 quidquid
1380 4753 1523 4808 femineum
1540 4758 1582 4808 esi
1593 4769 1678 4826 agno-

921 4841 1059 4899 Mundaue
1075 4839 1207 4894 elementa
1220 4839 1313 4911 procul
1327 4855 1343 4894 a
1356 4857 1398 4893 me
1413 4837 1512 4894 absunt
1526 4857 1532 4893 :
1574 4839 1676 4907 [scitur.

922 4931 1053 4986 elementa
1066 4935 1155 4982 aulem
1170 4926 1222 4982 alie
1236 4932 1354 4998 quatuor
1367 4926 1459 4982 insunt
1473 4926 1548 4980 mihi.

923 5014 1318 5086 Quod-ad-uumerum-atlinel,
1334 5015 1362 5068 id
1379 5015 1488 5086 quidem
1502 5014 1574 5070 inest
1589 5031 1596 5069 :
1610 5015 1678 5068 rnul-

1370 5101 1521 5173 [Iiludiuem
1537 5101 1607 5156 enim
1621 5101 1678 5155 lero

922 5201 950 5250 el
964 5191 1161 5248 individuorum
1174 5207 1238 5245 saue
1254 5189 1428 5245 essentiarum
1443 5189 1572 5244 infinilam
1589 5206 1595 5242 :

1506 5307 1536 5358 ³7
