4008 6030
302 447 358 508 θθθ

302 573 342 640 οίς
357 573 480 652 βούλεθ’·
497 575 586 651 ’ίτερος
604 570 628 626 δ’
645 572 677 626 ἂν
692 578 764 649 τύχῃ
778 593 816 636 τις
830 572 946 646 πλησίον

303 667 393 734 inedie,
408 665 656 739 ἀναγιγνώσκοντος
671 663 721 716 οὐκ
736 663 891 720 ἀκούσεται.

523 811 552 882 9,
576 809 627 868 Iv.
651 809 838 870 eruuntur.

593 921 634 976 Είς
644 920 769 984 πρωκτόν.

303 1037 469 1110 ίίστιλαλῶν
485 1047 634 1126 ἄγλωσσος,
651 1051 797 1126 ὁμώνυμος
813 1049 904 1126 ἄρρενι
917 1047 1012 1118 θῆλυς,

302 1227 407 1282 οίκείων
423 1227 530 1302 ἀνίμων
545 1226 654 1300 ταμίας,
672 1221 764 1296 δασύς,
779 1221 879 1279 ἄλλοτε
892 1223 977 1286 λεῖος,

301 1399 414 1468 ἀξύνετα
427 1395 558 1464 ξυνετοῖσι
570 1397 669 1474 λίγων,
684 1401 770 1474 νόμον
785 1401 815 1454 ἐκ
826 1403 913 1473 νόμον
929 1396 1026 1454 iinon·

300 1579 326 1632 iv
342 1573 367 1632 θ’
383 1577 451 1630 ίστίν
468 1575 515 1630 καί
528 1571 631 1641 πολλὰ,
647 1577 694 1628 καὶ
708 1573 739 1627 ἂν
754 1577 845 1650 τρώσῃ
858 1593 907 1637 τις.
927 1575 1053 1650 ἄτρωτος.

517 1725 564 1790 III,
588 1721 624 1780 v.
647 1731 709 1778 nor
726 1731 835 1778 mur.

537 1835 577 1890 Εἰς
590 1833 689 1884 κάπετον
703 1835 818 1892 ἀκάνθης.

299 1961 357 2022 Οίθ’
370 1963 434 2039 ίγύ,
449 1963 478 2026 θς
490 1963 549 2025 νίος
563 1961 599 2016 ὢν
614 1964 682 2018 ίστίν
698 1961 791 2039 βαρὺς·
806 1961 838 2016 ἂν
853 1959 882 2018 et
896 1963 982 2040 γίρων
995 1960 1026 2038 ᾖ,

298 2141 411 2218 ἄπτερος
425 2139 462 2194 ὢν
476 2142 584 2214 κούρως
594 2141 717 2209 πίταται,
734 2141 782 2192 καὶ
794 2142 847 2214 γῆν
859 2135 992 2216 ἀφανίζει.

508 2289 555 2359 ιε,
578 2286 628 2345 vi.
652 2287 835 2346 ειτειιοε.

604 2400 645 2455 Εἰς
658 2399 743 2450 ύετνον.

337 2531 375 2588 Ού
389 2529 495 2602 θνητὸς,
513 2527 570 2585 οὐδ’
586 2529 729 2599 ἀθάνατος,
747 2529 809 2584 ἀλλ’
825 2530 895 2606 Ιχων
911 2532 970 2584 τινά

336 2624 492 2696 σύγκρασιν,
509 2619 575 2674 ὥστε
591 2617 655 2688 μήτ’
670 2620 697 2672 ἐν
712 2617 854 2696 ἀνθρώπου
872 2620 947 2693 μίρεε

338 2707 402 2782 μήτ’
418 2708 444 2760 ἐν
460 2703 522 2761 θεοῦ
536 2701 598 2774 ζῆν·
615 2704 688 2760 ἀλλὰ
704 2705 817 2783 ρύεοθαί
831 2703 855 2758 τ’
870 2707 913 2759 ἀεί

335 2795 442 2857 καινῶς.
459 2790 558 2868 φθίνειν
569 2812 597 2847 τι
612 2795 661 2862 τὴν
675 2796 825 2868 παρουσίαν
839 2791 932 2861 πάλιν,

334 2883 449 2960 ἀόρατος
462 2879 535 2956 ὄψιν,
551 2883 686 2957 γνώριμος
701 2879 726 2934 δ’
741 2881 840 2935 ἅπασιν
856 2882 903 2938 ὤν.

490 3032 537 3096 Ie,
560 3029 623 3088 Vll.
644 3029 858 3088 ementitur.

567 3143 625 3206 ssepi
639 3143 682 3200 τῆς
698 3147 778 3196 σκιᾶς.

293 3275 337 3339 Τίς
351 3275 428 3350 φύσις
437 3269 494 3326 οὔθ’
506 3271 557 3325 ὅσα
570 3273 637 3345 γαῖα
649 3273 723 3346 ρίρει
734 3273 841 3347 τρορός,
854 3269 912 3324 οὔθ’
927 3269 977 3324 θ’σα
988 3275 1051 3327 τόν·
1078 3269 1080 3278 ’

294 3449 355 3504 ούτε
372 3445 506 3524 βροτοῖσιν
522 3445 578 3522 ίχει
591 3447 674 3520 γυίων
687 3441 800 3514 αὔξησιν
812 3446 921 3523 ὁμοίαν·
985 3355 1048 3435 [τοῦ

294 3621 356 3679 ἀλλ’
371 3623 397 3678 iv
414 3623 461 3700 μίν
475 3621 578 3696 γενίσει
591 3624 776 3697 πρωτοσπόρῳ
793 3621 848 3674 ἐστὶ
864 3623 988 3696 μεγίστη·

293 3715 319 3766 ίν
333 3708 363 3767 tt
379 3711 473 3786 μίσαις
487 3710 588 3783 ἀκμαῖς
602 3712 695 3786 μικρά·
711 3712 786 3784 γήρα
801 3706 830 3762 II
844 3710 910 3786 πρὸς
925 3709 997 3784 αύτῷ

294 3802 387 3876 μορρῇ
401 3800 448 3852 καί
464 3795 570 3871 μεγέθει
584 3793 681 3870 μείζων
695 3794 777 3850 πάλιν
792 3797 861 3850 ἐστίν
874 3799 1009 3852 ἁπάντων.

491 3948 536 4012 ¹3,
561 3943 639 4002 IIIIl.
662 3955 725 4002 nor
742 3955 851 4004 orror.

293 4089 373 4163 Φημὶ
385 4087 430 4142 τθν
445 4087 495 4141 ούκ
507 4083 634 4140 ἐθέλοντα
647 4089 735 4164 ρίρειν
753 4092 870 4164 τέττιγος
885 4087 982 4143 ἄεθλον

291 4181 327 4253 τῷ
345 4171 526 4249 Πανοπηῖάδῃ
542 4171 635 4229 δώσειν
653 4179 723 4251 μέγα
736 4174 842 4231 δεῖπνον
857 4161 957 4252 Ιῖττειῷ.

508 4325 555 4396 tt,
577 4323 628 4382 III.
651 4337 712 4383 Tur
729 4335 838 4384 ‚esron

437 4435 497 4498 Περί
510 4437 551 4494 τῆς
562 4437 651 4494 ννκτὸς
662 4455 688 4487 τε
701 4439 742 4488 καὶ
757 4441 799 4496 τῆς
812 4440 913 4501 ἡμέρας·

294 4565 351 4617 Εἰσί
363 4565 524 4639 κασίγνηται
538 4560 635 4635 διτταί,
653 4563 689 4620 ὧν
703 4567 722 4634 ή
742 4569 791 4642 μία
805 4569 887 4620 τίκτει

292 4651 340 4718 τὴν
356 4652 458 4728 ίτίραν,
474 4653 543 4720 αὐτὴ
560 4649 589 4706 dt
604 4652 710 4708 τεκοῡσ’
726 4655 777 4707 ὑπὸ
794 4650 877 4722 τῆσδε
892 4655 1043 4707 τεκνοῦται.

556 4889 595 4936 Ie.
613 4903 766 4936 τεεεεοοεσοτε.

291 4995 335 5048 ste
347 4995 403 5045 volo
419 5011 425 5044 :
441 4995 568 5046 detrectat
581 4997 603 5046 ei
616 4995 675 5060 quie
688 5006 788 5047 οοτοοεο
801 4999 907 5060 uicndte,

293 5079 336 5128 ille
350 5077 452 5144 epulum
467 5078 641 5145 Panopeiado
655 5081 782 5145 pnoebebit
793 5083 874 5146 Epeo.

880 5208 905 5242 Ι.
927 5209 1047 5246 onorius.

750 441 1006 502 ANTHOLOGIAE
1026 443 1175 504 uItAEuAE
1194 447 1420 508 neptunius

1115 589 1183 646 quos
1197 574 1265 644 vult3
1279 575 1348 633 elius
1359 593 1423 633 vero
1437 577 1553 634 rorone
1569 596 1654 652 prope

1115 658 1235 727 οοεοεοε,
1251 661 1386 734 legentem
1400 681 1453 720 non
1468 665 1570 722 audiet.

1361 815 1387 878 9,
1408 812 1455 868 IV.
1476 813 1618 870 EUBIJLI.

1407 925 1436 974 In
1449 924 1575 989 podicem.

1114 1050 1163 1105 Est
1175 1051 1290 1125 loquens
1302 1053 1476 1128 sine-liugue,
1493 1057 1613 1130 ejusdem
1625 1059 1748 1114 nominis
1764 1077 1797 1112 ne
1814 1075 1874 1120 Inus,
1990 1115 1991 1118 ,

1668 1148 1702 1218 [σί
1717 1147 1873 1209 femininus,

1113 1223 1322 1283 domesticorum
1331 1237 1470 1286 ventorum
1485 1231 1667 1306 dispensetur,
1680 1233 1806 1306 pilosus,
1815 1235 1876 1288 niies

1791 1321 1873 1394 [lei·is,

1114 1398 1323 1474 inintelligibilis
1347 1403 1561 1477 intelligentibus
1588 1407 1692 1473 dicens,
1718 1426 1822 1464 sonum
1845 1426 1875 1462 ex

1639 1495 1721 1566 [sono
1738 1497 1874 1552 trahens:

1112 1593 1191 1630 unum
1204 1583 1293 1632 eutem
1303 1583 1346 1634 eet
1359 1587 1387 1634 et
1401 1579 1487 1654 piune,
1499 1590 1527 1637 et
1538 1583 1560 1637 si
1573 1583 1809 1657 quisperioderit,
1822 1587 1875 1639 sino

1346 1739 1378 1790 w
1408 1737 1433 1792 v
1464 1737 1624 1796 EJUSDEM
1684 1672 1814 1744 [vulnere
1826 1681 1872 1726 est.

1339 1844 1368 1892 In
1378 1842 1528 1910 lentiginem
1540 1847 1642 1898 cardui.

1110 1971 1177 2026 Novi
1204 1989 1255 2046 ego
1276 1991 1346 2040 eum,
1367 1976 1413 2048 qui
1433 1995 1493 2032 oum
1509 1977 1601 2050 junior
1620 1986 1673 2043 est,
1697 1987 1743 2036 est
1767 1981 1873 2051 grevis;

1552 2066 1605 2137 [sin
1621 2073 1712 2122 eutem
1726 2084 1817 2123 senex
1830 2068 1872 2130 sit.

1110 2163 1162 2202 non
1176 2149 1263 2204 eletos
1278 2151 1411 2221 quemvis,
1427 2151 1523 2208 leviter
1533 2153 1614 2218 volet,
1629 2161 1658 2210 et
1669 2161 1776 2210 terram
1792 2154 1873 2210 obdu·

1337 2313 1378 2374 ιι,
1400 2310 1445 2365 iu.
1467 2311 1641 2369 quxuus.
1817 2250 1869 2315 μ’

1401 2416 1429 2464 in
1444 2431 1571 2466 somnum.

1144 2547 1201 2602 Nou
1224 2549 1354 2614 mortuiis,
1378 2567 1466 2624 neque
1491 2552 1659 2618 immortalis,
1682 2553 1731 2608 sed
1753 2553 1871 2627 quodum

1144 2633 1254 2700 meIue,
1269 2643 1299 2690 ut
1312 2653 1403 2708 neque
1416 2637 1486 2694 inter
1500 2639 1625 2695 homines
1779 2641 1869 2714 [modo

1143 2737 1230 2792 neque
1250 2723 1322 2794 epud
1343 2725 1410 2780 deos
1435 2725 1525 2782 vivere
1542 2735 1701 2796 censendum
1723 2727 1776 2784 sed
1796 2726 1870 2782 nusci

1142 2808 1242 2873 denuo,
1258 2817 1286 2864 et
1300 2811 1389 2882 perire
1402 2810 1430 2868 in
1444 2815 1590 2885 presentia
1604 2832 1710 2879 rursus,
1751 2817 1871 2886 [semper

1143 2894 1294 2960 invisibilis,
1310 2905 1392 2954 notus
1406 2906 1495 2956 temen
1510 2903 1645 2959 omnibus.

1302 3051 1342 3112 It,
1366 3049 1422 3103 VII.
1443 3049 1673 3108 THEODECTAE.

1407 3155 1445 3204 De
1460 3157 1560 3206 umbre.

1109 3285 1186 3340 Nullo
1200 3295 1241 3340 est
1257 3293 1354 3342 nature
1368 3305 1457 3361 neque
1472 3307 1565 3345 eorum
1579 3297 1713 3363 quotquot
1729 3291 1782 3347 fert
1797 3299 1868 3346 terra

1401 3376 1514 3447 [nutrix‚
1531 3395 1618 3449 neque
1632 3383 1768 3451 quotquot
1784 3397 1866 3443 more,

1108 3475 1156 3514 neo
1169 3459 1240 3516 inter
1255 3461 1382 3517 mortales
1397 3481 1457 3536 queo
1471 3463 1650 3520 membrorum
1666 3466 1769 3522 habeat
1784 3468 1866 3523 inore·

1612 3554 1742 3624 [mentum
1758 3555 1866 3610 simite:

1106 3634 1208 3691 seilicet
1225 3635 1251 3690 in
1267 3635 1372 3708 ungine
1391 3638 1646 3710 primum-nascente
1663 3650 1706 3696 est
1722 3642 1865 3697 motion:

1107 3722 1193 3778 medio
1205 3721 1231 3776 in
1246 3723 1340 3794 vigore
1356 3741 1451 3795 perun:
1469 3725 1496 3779 in
1511 3727 1572 3798 ipse
1586 3745 1649 3782 vero
1662 3736 1803 3786 senectute

1107 3811 1193 3866 forme
1212 3818 1239 3867 et
1254 3811 1442 3883 magnitudine
1457 3814 1543 3884 major
1556 3832 1649 3870 rursus
1664 3823 1706 3872 est
1727 3817 1864 3872 omnibus.

1335 3963 1376 4024 13,
1397 3961 1469 4016 VIII.
1491 3973 1636 4015 ususoou.

1105 4099 1187 4156 Edico
1201 4099 1246 4172 qui
1259 4100 1332 4155 nolet
1346 4101 1416 4154 serre
1429 4101 1528 4156 einedee
1543 4111 1677 4160 certamen

1104 4187 1127 4243 is
1143 4187 1322 4259 Ponopeiedoe
1336 4187 1382 4243 det
1397 4205 1522 4260 magnum
1541 4207 1643 4246 coenem
1661 4191 1744 4264 Epeo.

1349 4338 1390 4398 II,
1411 4337 1458 4392 III.
1480 4348 1621 4391 uuusuuu.

1365 4443 1402 4492 De
1418 4451 1491 4492 nocte
1509 4455 1535 4493 et
1549 4445 1599 4495 die.

1103 4560 1172 4616 Sunt
1186 4559 1299 4633 gemine
1314 4577 1430 4626 sorores,
1447 4579 1559 4636 querum
1579 4581 1632 4619 uno
1647 4564 1719 4636 perit

1103 4647 1293 4718 alterumque
1307 4654 1396 4702 nutem
1408 4667 1467 4720 quie
1480 4651 1595 4722 peperit,
1606 4651 1639 4706 eb
1649 4654 1734 4708 altere
1744 4657 1860 4726 peritur.

1392 4851 1429 4898 II.
1449 4866 1571 4902 etusueu.

1361 4942 1399 4989 De
1410 4941 1489 4992 Nocte
1502 4947 1527 4992 et
1544 4945 1598 4993 Die.

1102 5035 1169 5084 Sunt
1180 5032 1299 5096 geminae,
1313 5047 1422 5096 querum
1435 5031 1519 5097 gignit
1534 5049 1658 5098 germano
1674 5053 1791 5087 sororem

1102 5130 1192 5179 usque,
1207 5117 1262 5163 Iieeo
1275 5130 1332 5178 quoe
1344 5115 1441 5178 genuit,
1456 5131 1557 5166 rursum
1571 5129 1709 5182 generatur
1723 5122 1756 5170 eb
1772 5122 1826 5170 iIIn.

1735 5219 1762 5254 Ι.
1781 5219 1856 5254 Gntt't'.
