4076 6022
283 405 321 465 66
862 408 1122 471 AN'I‘HOLOGIAE
1143 405 1294 470 GRAEGAE

316 539 382 588 LVI.
395 538 431 588 Ila
443 538 561 588 Pausan.
577 538 609 596 V,
620 539 661 598 27,
672 541 716 598 123
728 539 855 604 inscripto
865 541 937 588 Iovis
948 539 1050 596 femori,

284 620 361 670 quem
375 603 503 664 Mandaei,
513 603 633 655 Thraciae
652 607 771 670 populus,
785 621 815 655 ex
829 606 903 656 Ionia
917 605 1051 656 oriundus.

284 669 410 736 Olympias
425 670 620 722 dedicaverunt.
636 671 719 736 alpis,
734 681 763 721 ut
775 671 812 722 ait
825 671 881 736 ipse
895 673 1051 734 Pausanias,

284 736 404 787 Thracias
420 737 558 788 castellum
575 739 615 787 vel
634 739 697 788 urbs
711 753 769 788 esse
788 739 899 788 videtur.
914 768 944 776 -
959 741 1006 788 Vs.
1027 741 1051 794 2,

283 801 763 869 661161366616166βιασαάμενοι,6116
771 804 855 869 epigr.
867 813 918 856 vot.
927 809 956 855 51
964 807 1052 868 infra;

284 869 762 928 camdemformamretinuitdrotius,
774 872 817 936 qui
832 873 881 922 hoc
889 872 1054 938 epigramma

284 938 332 987 sub
347 937 396 986 hoc
407 937 530 986 lemmate
546 935 663 986 exhibuit
680 954 685 987 :
701 937 787 988 ’18161
803 956 848 988 τινι
862 941 911 988 τῶν
926 940 1053 990 Μενδαίων

284 1005 431 1067 ἀναθήματι.

316 1145 396 1194 Ll'll.
411 1147 447 1194 Idx
460 1145 547 1197 Strab.
561 1147 593 1205 X,
606 1148 630 1208 3,
643 1161 669 1211 p.
686 1147 744 1196 163.
762 1147 800 1196 Dc
812 1147 892 1210 Oxylo
906 1147 964 1196 vide
981 1147 1053 1196 Stra·

284 1212 388 1268 bonam.
399 1213 467 1270 vul,
479 1228 503 1276 p.
512 1215 560 1262 331
571 1221 597 1262 et
606 1229 631 1278 p.
643 1215 702 1271 361,
711 1221 738 1262 61
748 1214 863 1263 Pausan.
875 1215 907 1272 V,
922 1215 947 1272 3,
959 1230 985 1279 p.
994 1215 1052 1263 381.

284 1277 393 1328 Lemma
408 1273 453 1343 hp.
471 1281 544 1329 Grot.
561 1295 567 1328 :
582 1281 617 1328 Τὸ
636 1280 661 1328 tv
676 1287 706 1344 τῇ
724 1280 804 1350 ἀγορᾷ
820 1283 870 1330 τῶν
895 1283 998 1330 Ἠλείων
1015 1280 1055 1328 ἐπὶ

283 1347 319 1410 τῷ
342 1345 445 1399 Ὀξύλου
460 1345 593 1409 ἀνδριάντι.
615 1373 645 1383 —
658 1347 704 1395 Vs.
723 1349 745 1398 1.
763 1348 834 1396 τόνδε
854 1348 942 1410 δῆμον,
966 1347 1053 1406 Eleos,

284 1412 367 1476 quise
383 1426 431 1476 pro
444 1412 664 1462 autochthonibus
677 1413 820 1464 habebant.
836 1441 868 1450 -
884 1414 931 1470 Vs,
947 1415 972 1462 2.
986 1417 1054 1464 Κον-

283 1478 1053 1613 11611111361616611111616191·

322 1583 340 1596 ,ι
434 1581 440 1593 -
501 1585 515 1610 0
535 1583 540 1594 ·
764 1581 775 1602 s
1047 1584 1053 1596 ο

318 1687 455 1736 stilla:
464 1687 1054 1753 8166666113,ρ.163,66ρο116661866661ι.

286 1753 364 1803 Attal.
388 1753 434 1812 111,
451 1757 477 1818 p.
494 1755 552 1810 193,
573 1769 600 1802 6.
619 1753 1053 1818 6661161.,1666661616661616

286 1829 305 1869 t.
317 1821 362 1878 ΙΙΙ,
375 1821 405 1872 Ρ.
415 1821 436 1878 Ι,
447 1837 473 1886 p.
485 1821 533 1870 tta
543 1820 593 1884 sq.)
603 1827 629 1868 et
637 1821 744 1870 Jacobs.
755 1821 874 1886 Append.
886 1837 911 1870 6.
922 1823 980 1871 386.
992 1822 1055 1872 Haec

285 1888 319 1937 ab
331 1887 439 1952 Ephoro
452 1903 479 1936 se
490 1894 636 1936 mutuatum
647 1902 705 1936 esse
717 1888 855 1951 profitetur
865 1889 962 1938 Strabo
970 1904 977 1946 ;
986 1888 1055 1936 unde

286 1962 398 2020 apparet
414 1977 426 2001 ιι
444 1953 574 2010 AEtolum,
589 1952 761 2018 Endymionis
776 1953 870 2012 fllium,
889 1969 919 2003 ex
938 1953 1014 2004 Elide
1028 1953 1055 2003 in

286 2036 344 2070 earn
355 2021 490 2084 regionem
499 2018 612 2078 venisse,
621 2035 680 2084 quse
692 2021 726 2070 ab
738 2019 822 2084 ipsius
834 2020 940 2070 nomine
954 2020 1056 2070 AEtolia

287 2096 437 2152 nuncupata
457 2093 506 2144 est,
536 2086 706 2152 Curetasque.
732 2087 775 2151 qui
795 2101 853 2136 eam
875 2095 930 2136 tum
952 2086 1055 2140 liabita-

286 2155 364 2211 bant,
387 2153 527 2218 expulisse.
550 2153 614 2202 Post
634 2153 763 2203 decimam
786 2160 905 2214 atatem,
930 2154 1054 2217 orgium,

285 2219 408 2270 AErnonis
437 2219 529 2272 lilium.
550 2234 581 2266 ex
601 2220 703 2268 AEtolia
726 2219 753 2267 in
773 2219 876 2270 Elidem
901 2221 1054 2282 protectum,

287 2288 378 2336 urbem
386 2285 423 2336 ibi
432 2283 590 2336 condidisse.
603 2305 615 2329 ιι
625 2288 681 2336 Iac.
693 2284 753 2335 Vid.
764 2301 835 2350 supr.
845 2285 929 2350 epigr.
941 2287 1057 2336 511166-

286 2356 440 2407 λόςτιοττ.-
451 2353 497 2402 Va.
510 2353 534 2401 2.
545 2350 761 2404 anclt.rectius
771 2352 944 2415 θρερθέντα..ῐ.
955 2351 1054 2416 Scalig.

286 2421 398 2469 σταδίου.
421 2447 451 2456 -
474 2419 583 2468 Lemma
604 2419 898 2484 666661166ίῄ
919 2419 991 2484 βάσει
1013 2421 1057 2478 τῆς

286 2487 410 2544 ΛΙτιολοῡ,
422 2483 466 2534 τοῦ
486 2485 663 2547 Ἐνδυμίωνος,
677 2485 780 2539 εἰκόνος.

319 2628 386 2678 LIX.
412 2626 527 2675 Pausan.
548 2624 592 2673 IV.
616 2628 640 2678 1.
656 2625 680 2673 5.
703 2647 715 2670 ιι
740 2625 878 2675 Messenen
900 2639 1056 2690 magnarum

287 2695 396 2744 ‹leamm
416 2691 492 2742 initia
507 2693 611 2740 Caucon
629 2691 752 2741 Eleusine
771 2692 877 2742 veniens
898 2691 1055 2756 deportavit.

191 2777 195 2788 ·
287 2761 348 2810 Fuit
363 2761 467 2810 Caucon
482 2757 550 2807 Clini
564 2755 643 2819 filius,
659 2758 736 2821 Phlyi
748 2773 830 2823 nepos
833 2794 884 2808 .....
898 2758 1056 2822 Magnarum

287 2842 348 2876 vero
369 2826 478 2876 dearum
503 2823 588 2883 initia,
608 2823 697 2873 multis
722 2832 781 2888 post
802 2826 950 2875 Cauconem
969 2824 1054 2880 annis,

287 2895 381 2956 Lycus,
387 2889 531 2941 Pandionis
539 2889 617 2949 filius,
629 2905 707 2955 quam
718 2889 915 2955 augustissima.
926 2905 1056 2956 quamque

287 2957 459 3010 celeberrima
485 2965 513 3008 ut
535 2963 636 3016 essent.
665 2957 761 3007 effecit.
785 2959 884 3008 Lucum
904 2958 954 3008 hac
976 2957 1054 3007 etiam

287 3035 364 3076 aetate
378 3023 440 3090 Lyci
454 3023 599 3080 nominant.
610 3023 655 3073 ubi
668 3024 713 3074 ille
726 3023 858 3074 antistites
872 3023 1056 3088 mysteriorum

288 3092 461 3142 lustravit.....
476 3091 551 3148 Quod
563 3095 650 3140 autem
664 3089 707 3140 hic
720 3089 805 3154 Lycus
819 3089 963 3142 Pandionis
978 3091 1056 3140 luerit

288 3159 358 3209 tilius
371 3165 462 3224 aperte
479 3158 616 3207 declarant
631 3171 735 3217 versus,
753 3157 795 3222 qui
816 3165 878 3207 sunt
893 3157 926 3207 ad
938 3155 1056 3222 Methapi

287 3225 411 3290 effigiem.
427 3225 495 3274 Nam
508 3231 534 3272 et
548 3223 687 3288 Methapus
700 3224 827 3288 quosdam
840 3222 975 3274 initiorum
990 3224 1055 3273 ritus

288 3291 449 3341 reformavit.
471 3289 533 3340 Fuit
559 3288 602 3338 hic
625 3290 730 3354 quidem
754 3288 925 3340 Atheniensis
953 3289 1054 3355 patna,

288 3357 432 3416 initiorum,
452 3355 638 3420 orgiorumque
656 3361 681 3404 et
700 3356 815 3420 cujusvis
832 3356 903 3405 modi
920 3371 1055 3406 sacrorum

288 3424 450 3490 designator.
464 3423 535 3472 Idem
549 3436 611 3471 vero
624 3430 651 3470 et
664 3421 817 3472 Gabinorum
832 3421 966 3472 Thebanis
980 3421 1056 3472 initia

288 3489 433 3550 constituit,
447 3496 473 3539 et
483 3489 559 3554 juxta
572 3487 773 3551 Lycomidarum
791 3496 894 3552 septum
912 3487 1055 3552 imaginem
1089 3509 1092 3516 ¹

288 3573 348 3607 cum
379 3555 551 3620 inscriptione
581 3553 719 3606 dedicavit.
755 3556 794 3606 ua
817 3554 970 3620 inscriptio,
997 3570 1055 3604 cum

289 3623 351 3682 alia,
369 3631 425 3674 tum
436 3621 464 3672 in
484 3619 587 3686 primis,
608 3636 666 3686 quae
688 3622 722 3672 ad
741 3621 894 3687 lilethapum
914 3620 1054 3686 pertinent.

289 3697 408 3740 testatur.
426 3708 439 3734 »
460 3689 491 3738 ln
508 3702 540 3737 ea
554 3687 670 3752 loquitur
685 3685 741 3752 ipse
762 3689 912 3753 Methapus.
929 3709 941 3732 ιι
956 3686 1056 3736 Iudicat

288 3765 314 3806 et
330 3759 425 3818 ¹eadem
446 3753 584 3820 inscriptio
607 3754 747 3804 Messenen
769 3755 872 3804 venisse
897 3755 1054 3812 Caesonem,

289 3821 365 3888 Phlyi
381 3828 517 3888 nepotem
535 3819 589 3870 alia
603 3826 732 3885 praeterea
750 3821 782 3870 de
804 3821 882 3884 Lyco,
905 3829 932 3870 et
945 3819 1010 3870 illud
1028 3820 1056 3868 in

290 3889 390 3954 primis,
406 3895 521 3938 veterem
540 3885 675 3936 initiorum
695 3887 783 3936 sedem
800 3885 950 3936 Andaniam
964 3886 1054 3936 fnisse.

289 3957 334 4006 Vs.
350 3955 399 4004 lin
413 3953 489 4005 codd.
511 3960 536 4002 at
549 3951 708 4002 editionibus
727 3959 850 4029 corrupto
865 3953 986 4004 Kuhuius
997 3967 1055 4018 post

288 4023 379 4088 δόμους
393 4018 492 4089 aliquid
510 4019 601 4069 deesse
619 4017 788 4084 suspicatur:
804 4028 842 4070 rta
860 4019 972 4070 sortasse
994 4035 1054 4084 sup-

289 4089 422 4154 plendum,
433 4085 502 4154 quod
518 4085 665 4151 recepimus
681 4089 786 4152 μεγάλης
800 4105 827 4138 τε
838 4087 941 4138 κέλευθα
956 4088 1055 4150 ματρὸς.

288 4171 313 4206 v.
333 4171 387 4219 seq.
408 4169 456 4219 pro
478 4152 579 4220 πατρὸς.
600 4153 707 4204 Jacobs.
727 4155 845 4222 Appead.
868 4155 938 4220 Lips.
961 4153 1057 4203 retinet

287 4223 378 4286 ἥγνισα
399 4229 424 4270 61
441 4219 505 4284 legit
524 4221 614 4284 ἥγνισα
634 4219 655 4270 δ’
682 4221 833 4287 Ἑρμείαο...
855 4221 909 4271 Per
930 4220 1056 4269 Mercurii

288 4287 474 4338 senodocium
494 4285 562 4336 idem
583 4287 709 4350 Cerycum
729 4287 879 4338 Atticorum
891 4302 908 4336 a
924 4285 1055 4336 Mercurio

288 4353 458 4404 oriundornm
470 4352 597 4402 familiam
612 4351 810 4418 intelligendam
822 4369 880 4402 esse
893 4352 1014 4416 conjecit,
1024 4353 1056 4401 de

289 4421 383 4486 quibus
400 4419 454 4469 vid.
471 4419 586 4468 Pausan.
607 4419 694 4484 ipsum
713 4421 734 4478 Ι,
750 4421 791 4470 38.
814 4447 845 4456 -
865 4419 911 4468 Vs.
936 4421 950 4468 2
973 4419 1057 4486 Κόρης

288 4486 525 4602 {tedbald
539 4500 586 4536 ³¹²
599 4485 1055 4602 18111111ἵᾞὲἓ1ἓ-3113·

289 4569 682 4696 νοῑο.ιῃ..116ι6κωνιμαόἓτοίίιοςριῖίιίιι1
697 4569 882 4684 suspIdabatur
905 4569 1056 4682 horruptdrh

290 4702 356 4744 esse,
367 4701 428 4736 cum
441 4687 473 4736 de
487 4687 607 4736 Caucone
616 4701 674 4752 ipso
689 4687 811 4751 loquatur
825 4684 973 4750 inscriptio.

322 4829 377 4878 Lx.
403 4829 441 4878 Ex
456 4829 568 4878 Pausan.
590 4828 725 4886 11931.
750 4826 946 4891 «Insculptum
969 4824 1054 4902 epigr.

291 4897 384 4946 statuae
397 4894 478 4954 dotis,
490 4909 567 4958 quam
580 4893 682 4944 Clitorii
696 4894 883 4944 dedicaverant
893 4895 1030 4958 Olympiae.
1041 4913 1053 4936 ν

289 4961 391 5012 Jacobs.
416 4989 446 4999 -
477 4961 593 5010 Brunck.
621 4959 693 5010 dedit
718 4959 746 5010 in
767 4959 901 5011 Analectt's
923 4960 968 5015 111.
997 4961 1054 5018 111,

290 5043 317 5078 n.
332 5044 438 5079 cmvi.
458 5055 488 5064 -
506 5028 553 5076 Vs.
569 5029 594 5076 2.
609 5028 765 5092 βιασάμενοι,
786 5027 824 5077 sic
844 5027 921 5076 codd.
940 5025 1053 5074 Vindob.

290 5101 317 5144 et
334 5095 434 5154 Illosc.;
459 5093 537 5158 vulgo
556 5094 719 5160 βιασσάμενοι
737 5094 807 5160 quod
827 5091 928 5156 recepit
949 5091 1053 5141 Facias.

290 5161 337 5212 Vs.
351 5164 366 5211 3
381 5167 519 5225 corruptus
533 5159 571 5210 sic
593 5159 729 5224 legebatur
742 5161 785 5211 καὶ
799 5160 907 5225 μετρεῑτ’
931 5161 978 5224 Ἃρ.
997 5161 1013 5216 ἡ
1029 5159 1055 5206 δὲ

290 5230 398 5289 τελετάς,
410 5242 487 5294 quem
496 5225 534 5276 ita
543 5226 732 5277 restituendum
740 5225 862 5277 Kuhnius
877 5223 1052 5290 conjiciebat:

290 5297 421 5360 migirpa
435 5295 542 5354 ποιείτην
555 5311 581 5343 κ.
595 5311 618 5344 τ.
631 5295 654 5344 λ.
667 5293 840 5344 Scribeudum
849 5299 891 5343 est
906 5293 948 5342 καί
963 5290 1055 5350 ταύτης

1108 539 1235 602 μετρηταὶ,
1254 539 1278 588 id
1301 547 1342 590 est
1354 540 1463 592 decimas
1481 553 1628 592 mensores.
1639 568 1673 578 -
1686 541 1735 593 Vs.
1754 543 1768 592 1
1784 549 1812 594 et
1825 560 1885 594 mu-

1107 604 1182 654 tilum
1213 607 1352 670 supplebat
1383 607 1472 658 Kuhn.
1500 608 1542 656 καΙ
1567 609 1770 671 Λακεδαιμόνιοι.
1788 611 1841 660 Sed
1868 629 1884 661 e

1108 671 1182 721 codd.
1197 687 1260 722 mss.
1281 672 1397 722 816161
1412 675 1494 722 Mose.
1511 673 1555 737 qui
1570 673 1693 724 exhibent
1707 677 1772 726 κατὰ
1787 676 1884 727 Λάκιον

1107 738 1149 788 καλ
1161 737 1190 788 ἐκ
1200 741 1269 790 σέθεν
1279 746 1304 787 et
1317 741 1381 788 κατά
1395 741 1486 788 Λάκων
1500 739 1582 790 sessa
1599 739 1656 790 erui
1671 742 1835 807 potuitquae,
1853 755 1884 794 ut

1107 804 1219 864 videtur,
1230 819 1292 854 vera
1302 812 1342 854 est
1354 806 1441 854 lectio.
1454 834 1484 842 -
1500 827 1512 850 ιι
1526 806 1629 856 Clitorii
1642 807 1747 858 suerunt
1757 809 1783 858 in
1797 810 1883 861 Arca-

1108 871 1160 930 uia,
1177 871 1246 922 cives
1265 871 1339 922 urbis
1357 873 1497 937 Κλείτορος,
1519 887 1597 936 quam
1611 874 1707 923 Azania
1730 874 1798 926 filius
1816 893 1884 928 con·

1108 937 1205 988 didisse
1218 939 1323 988 dicitur.
1338 957 1350 980 ν
1364 937 1465 988 tacete.
1482 937 1542 988 l'id.
1557 940 1670 990 Pausan.
1688 942 1757 1000 vlu,
1770 945 1794 992 1.

1141 1073 1208 1122 LIII.
1239 1073 1373 1137 Olympia.
1410 1075 1448 1122 Ex
1488 1077 1642 1140 apographo
1673 1075 1765 1126 Weilii
1797 1076 1885 1128 edidit

1109 1141 1172 1189 Ern.
1200 1139 1306 1188 Curtius
1329 1138 1355 1188 in
1377 1141 1499 1190 Archdol.
1524 1143 1645 1207 Zeitaag.
1676 1144 1740 1191 1818
1767 1145 1782 1192 9
1806 1144 1882 1206 Hert,

1110 1223 1136 1270 p.
1153 1207 1183 1255 83
1202 1221 1242 1270 sq.
1258 1207 1345 1272 Supra
1360 1208 1487 1272 scrIptum
1501 1208 1625 1268 Ξενοκλῆς
1643 1209 1801 1274 Εὐθύφρονος
1817 1215 1884 1262 Μαι-

1109 1275 1199 1332 νάλιος,
1220 1280 1246 1322 61
1269 1273 1296 1322 in
1317 1290 1365 1324 cra
1386 1274 1482 1339 lapidis
1507 1275 1671 1330 Πολύκλειτος
1692 1275 1823 1340 ίττοί(η)σε.
1848 1307 1882 1316 -

1111 1339 1149 1389 De
1163 1339 1214 1390 hoc
1227 1341 1338 1406 palmeta
1353 1342 1410 1390 ride
1427 1343 1541 1390 Pausan.
1555 1342 1600 1396 t'1.
1615 1344 1641 1400 9,
1654 1342 1669 1389 2
1684 1356 1689 1390 :
1703 1341 1773 1392 Μετὰ
1787 1344 1882 1395 τούτου

1111 1408 1274 1474 (erastino)
1289 1409 1333 1466 τὴν
1349 1405 1433 1456 εἰκόνα
1445 1409 1568 1466 Ξενοκλῆς
1580 1409 1715 1463 Μαινάλιος
1729 1411 1820 1468 ἔστηκε
1830 1429 1882 1460 πα-

1109 1475 1211 1531 λαιστάς
1219 1477 1365 1524 καταΰαλὼν
1373 1475 1492 1530 παῖδας...
1501 1474 1651 1530 Ξενοκλέους
1659 1475 1686 1522 ὀὶ
1695 1475 1737 1523 τὸν
1747 1477 1884 1541 ἀνδριάντα

1110 1541 1274 1658 Πολύριλιιτός
1288 1543 1353 1591 ἐστιν
1368 1543 1539 1608 εἰργασμένος.
1556 1569 1584 1578 -
1602 1541 1648 1591 Vs.
1662 1542 1686 1590 2.
1703 1542 1886 1601 dasdrdorice

1111 1623 1158 1673 pro
1187 1610 1259 1668 ττήν.

1143 1743 1222 1794 LXII.
1243 1742 1362 1800 Athenis.
1384 1757 1465 1806 prope
1484 1739 1652 1805 Asclepium,
1673 1739 1691 1789 i.
1714 1757 1737 1791 e.
1759 1743 1886 1794 AEscula-

1111 1807 1148 1873 pii
1170 1809 1306 1873 templum,
1322 1809 1405 1860 edidit
1422 1825 1446 1858 ν.
1466 1809 1500 1856 61.
1519 1807 1685 1856 Cumanudes
1699 1808 1727 1858 in
1746 1809 1884 1869 Athenaeo,

1110 1889 1171 1925 ann.
1184 1877 1199 1924 8
1212 1877 1306 1938 (tall).
1319 1882 1336 1925 t.
1349 1877 1393 1932 vl,
1410 1891 1434 1940 p.
1447 1877 1504 1929 131,
1517 1873 1561 1938 qui
1574 1872 1682 1938 conjicit
1696 1889 1886 1926 marmoresse

1110 1956 1163 1991 666
1176 1941 1270 1999 basim,
1280 1943 1312 1992 ad
1324 1941 1398 2006 cujus
1407 1940 1568 1990 erectionem
1579 1938 1693 2005 pertinet
1704 1941 1883 2006 epigramma.

1112 2037 1141 2044 —
1159 2009 1202 2056 l's.
1218 2011 1240 2059 1.
1256 2009 1357 2058 Nomen
1367 2008 1487 2057 mutilum
1501 2023 1559 2064 esse
1572 2015 1667 2071 potest.
1682 2010 1826 2074 “oppansae
1837 2011 1882 2059 rel

1112 2076 1259 2139 Ὄρσιππος.
1275 2075 1317 2124 Dii
1334 2076 1463 2138 θμὸὸωμοι
1477 2071 1626 2139 AEsculapii
1640 2081 1703 2124 suut
1715 2075 1811 2140 Hygia,
1830 2076 1886 2126 Pa-

1110 2155 1203 2197 nacea,
1215 2142 1288 2198 Iaso,
1298 2143 1420 2198 Somnus,
1434 2140 1621 2204 Telesphorus,
1630 2149 1681 2189 etc.
1697 2140 1814 2193 116161.
1829 2143 1884 2193 Ad·

1111 2207 1208 2256 hortat.
1224 2208 1316 2272 Epigr.
1333 2208 1423 2268 *Υγεῖα,
1439 2209 1582 2272 βροτοῖσιν.
1596 2224 1619 2256 τ.
1630 2208 1653 2256 λ.
1664 2233 1696 2244 -
1707 2208 1754 2258 Vs.
1766 2209 1790 2257 2.
1808 2210 1889 2264 θείαις

1110 2275 1246 2333 ὑποθήκαις
1258 2275 1350 2324 eodem
1366 2273 1419 2324 sere
1430 2289 1508 2322 sensu
1522 2288 1572 2337 quo
1587 2280 1647 2322 sunt
1658 2275 1740 2324 verba
1751 2275 1809 2324 haec
1823 2290 1886 2340 quac

1112 2356 1181 2404 saepe
1197 2339 1223 2390 in
1236 2339 1366 2405 iuscriplt.
1377 2337 1456 2390 variis
1472 2347 1628 2390 occurrunt:
1639 2341 1825 2404 προστάξαντος
1836 2342 1886 2392 τοῖν

1111 2410 1178 2466 θεοῦ,
1189 2409 1254 2457 κατὰ
1266 2409 1393 2470 ἐπιταγήν,
1404 2407 1428 2462 ἐξ
1440 2409 1556 2468 ἐπιταγῆς
1570 2405 1614 2457 τοῦ
1626 2405 1693 2466 θεοῦ,
1705 2409 1771 2457 κατὰ
1785 2407 1814 2457 τὸ
1821 2409 1887 2473 πρό-

1111 2491 1210 2538 στάγμα
1224 2473 1271 2524 τοῦ
1286 2477 1319 2533 9.,
1341 2475 1406 2523 κατὰ
1421 2475 1531 2523 κελευσιν
1542 2474 1585 2529 ιθ..
1600 2473 1665 2524 κατὰ
1686 2474 1812 2537 μαντείαν,
1825 2475 1885 2525 κατ’

1112 2541 1183 2606 ὄναρ,
1201 2539 1256 2592 κατ’
1271 2541 1376 2606 ὄνειρον,
1393 2547 1419 2590 et
1433 2538 1540 2590 similia.
1558 2541 1689 2590 06666·

1144 2673 1234 2723 LXIII.
1247 2674 1354 2724 Athenis
1367 2673 1394 2723 in
1402 2689 1473 2724 arce.
1482 2673 1629 2723 Kirclthols.
1638 2674 1694 2732 319,
1705 2672 1766 2722 inde
1776 2675 1807 2722 (1.
1818 2671 1885 2722 Kai-

1112 2739 1175 2796 bel..
1189 2742 1248 2790 166.
1262 2741 1309 2790 Vs.
1325 2743 1349 2790 1.
1364 2740 1431 2804 lapis
1446 2741 1525 2789 habet
1537 2743 1633 2790 arx...
1645 2737 1782 2789 cabinitio
1796 2741 1886 2805 άργνΙ-

1113 2807 1165 2870 ρὶον
1192 2807 1366 2872 supplendum
1392 2805 1531 2870 -conjicit
1559 2809 1590 2856 G.
1624 2805 1733 2864 Kaibel‚
1756 2804 1800 2870 qui
1824 2807 1885 2856 haec

1111 2871 1236 2937 subjicit:
1256 2895 1268 2918 ιι
1288 2873 1399 2924 Filiolus
1415 2871 1486 2922 enim
1503 2887 1551 2936 pro
1569 2871 1651 2936 patris
1668 2872 1780 2921 sortasse
1794 2872 1885 2923 reditu

1111 2945 1197 2988 sotum
1208 2947 1373 3055 pusceperat
1389 2947 1542 3004 susceptum
1560 2938 1604 3004 qui
1623 2954 1691 2994 unus
1704 2938 1790 3003 potuit
1805 2947 1887 3004 pater

1110 3017 1195 3055 ratum
1219 3013 1305 3056 ecit.»

1142 3134 1234 3184 Lxlv.
1248 3135 1351 3200 AEpt'noe
1363 3121 1544 3198 repertum3'a.
1560 3148 1584 3181 ν.
1596 3133 1630 3182 cl.
1644 3131 1822 3182 Procleschio
1840 3149 1888 3181 ex-

1110 3200 1236 3264 scriptum
1256 3199 1338 3250 edidit
1357 3201 1517 3264 Rhaugabes
1534 3197 1684 3249 6661611.
1701 3207 1720 3248 1.
1742 3199 1763 3259 1,
1787 3215 1814 3264 ρ.
1837 3199 1884 3258 29,

1110 3284 1136 3316 ιι.
1151 3269 1197 3325 31;
1217 3275 1257 3316 est
1272 3275 1299 3316 et
1310 3267 1337 3316 in
1351 3267 1429 3331 Corp.
1445 3268 1508 3316 9138
1529 3267 1556 3326 d,
1570 3265 1638 3330 apud
1660 3265 1754 3314 Lebas.
1772 3265 1793 3320 1.
1813 3267 1838 3322 6,
1854 3273 1889 3315 et.

1110 3335 1141 3382 G.
1162 3331 1267 3383 Kaibel.
1288 3333 1345 3382 161.
1366 3361 1396 3370 -
1414 3333 1510 3383 Subter
1529 3332 1626 3396 legitur
1639 3331 1746 3396 [nomen
1760 3331 1884 3397 artificis]

1110 3415 1219 3458 ετοιησε.

1143 3519 1526 3576 va.s11³ausan.t'11.2t‚
1544 3521 1558 3568 6
1573 3533 1579 3566 :
1595 3516 1751 3581 inscriptum
1766 3516 1885 3580 Polyda-

1110 3587 1207 3636 mantis
1233 3591 1336 3646 statuae,
1359 3585 1428 3650 quod
1451 3591 1606 3648 argumento
1626 3590 1684 3633 erat
1705 3583 1842 3633 Thessalis
1867 3599 1886 3633 e

1111 3653 1182 3703 nullo
1197 3667 1312 3716 unquam
1329 3649 1473 3701 certamine
1491 3650 1644 3701 discessisse
1661 3648 1813 3700 inferiorem
1832 3650 1889 3700 Ρο-

1110 3720 1261 3782 lydamanta
1284 3717 1512 3768 contendentibus
1532 3717 1571 3768 De
1592 3732 1643 3783 quc
1660 3715 1737 3781 plura
1757 3716 1809 3766 vid.
1835 3731 1882 3782 ap.

1111 3787 1225 3836 Pausan.
1239 3799 1311 3850 supr.
1326 3785 1371 3843 VI,
1383 3787 1407 3834 5.

1144 3919 1235 3968 LXVI.
1251 3919 1273 3967 Ε
1288 3917 1364 3967 Diod.
1377 3915 1458 3966 Sicul.
1472 3917 1543 3976 x111,
1556 3917 1599 3966 11.
1610 3915 1639 3966 Id
1653 3914 1809 3980 inscriptum
1823 3929 1890 3967 erat.

1111 3985 1138 4035 in
1154 3984 1252 4048 templo
1264 3984 1390 4034 Minervas
1405 3985 1438 4034 ad
1453 3985 1598 4034 Coroneam
1611 3997 1627 4033 a
1639 3983 1778 4032 duodecim
1792 3983 1885 4034 nautis

1111 4052 1156 4117 qui
1171 4050 1221 4101 soli
1236 4067 1265 4098 ox
1277 4049 1375 4116 IIpiclis
1394 4049 1532 4113 naul'ragio
1549 4051 1697 4113 effugerant
1714 4053 1785 4112 (6616
1804 4049 1884 4101 Chri·

1112 4128 1181 4169 stum
1199 4127 1288 4168 uatum
1305 4118 1374 4178 111),
1390 4116 1517 4180 deditque
1532 4117 1673 4172 Diodorus.
1690 4125 1719 4164 ut
1731 4115 1837 4177 latetur,
1850 4133 1886 4167 ex

1112 4185 1228 4251 Ephoro.
1245 4185 1289 4248 qui
1303 4189 1499 4232 monumentum
1514 4183 1623 4231 viderat.
1644 4183 1718 4239 Δηλοί
1736 4183 1762 4231 at
1780 4183 1809 4232 τὸ
1823 4185 1886 4248 περὶ

1111 4255 1207 4302 τούτων
1227 4251 1341 4312 ἀνάθημα
1359 4251 1471 4312 κείμενον
1487 4249 1513 4298 ὲν
1530 4250 1565 4312 τῷ
1586 4249 1642 4313 περὶ
1662 4249 1800 4313 Κορώνειαν
1820 4251 1883 4313 νεῷ,

1111 4320 1220 4381 καθάπερ
1243 4316 1315 4380 φησὶν
1337 4316 1462 4382 Ἔφορος,
1484 4319 1528 4376 τὴν
1548 4316 1683 4382 ἐπιγραφὴν
1702 4317 1757 4382 ἑχον
1771 4315 1882 4378 ταύτην·

1111 4387 1163 4436 O't'd'
1179 4386 1227 4434 ἀπὸ
1239 4401 1264 4431 ν..
1280 4400 1302 4432 τ.
1319 4385 1342 4432 λ.

1144 4521 1247 4572 LXIII.
1260 4519 1394 4584 Olympia,
1404 4517 1447 4567 die
1459 4519 1490 4566 al
1502 4532 1561 4566 nov.
1572 4517 1635 4565 1818
1650 4519 1784 4579 repertum
1798 4513 1888 4565 edidit.

1112 4589 1142 4638 E.
1160 4585 1273 4643 Curtius.
1288 4583 1414 4636 Artabani.
1439 4585 1561 4647 Zeitanq.
1586 4582 1659 4641 1818,
1685 4580 1781 4630 vientes
1806 4580 1882 4642 Heu,

1111 4693 1137 4742 p.
1160 4675 1215 4736 181,
1239 4689 1265 4722 n.
1289 4673 1346 4730 22⁰,
1370 4665 1561 4732 antiquissimis
1580 4663 1676 4716 litteris
1692 4648 1881 4726 ΞΑΘὲΗ.

1110 4752 1295 4805 Athenodorus
1317 4756 1343 4798 et
1361 4747 1531 4812 Asopodorus
1548 4746 1673 4802 artifices,
1688 4751 1718 4793 ut
1738 4743 1886 4807 PolyclatIs

1110 4817 1234 4884 discipuli
1248 4823 1427 4868 memorantur
1438 4829 1454 4865 a
1466 4812 1553 4863 Plinio
1567 4811 1687 4870 XXXIV,
1698 4825 1753 4871 xix,
1770 4811 1795 4859 8.

1143 4953 1259 5006 LXVIII.
1267 4952 1297 5001 In
1305 4950 1362 5000 basi
1370 4955 1463 5000 statuae
1474 4943 1605 5012 Apollinis
1615 4941 1703 5004 blaxii,
1714 4958 1783 4991 nunc
1794 4940 1823 4991 in
1831 4943 1885 4994 Be·

1110 5019 1237 5072 rolinensi
1245 5019 1346 5074 Musca,
1360 5014 1442 5066 edidit
1451 5011 1575 5064 Frankel.
1585 5009 1612 5060 in
1620 5007 1744 5060 nectunt.
1755 5011 1882 5076 Zeituttp,

1111 5090 1185 5146 1819,
1199 5085 1302 5136 zweites
1320 5083 1373 5132 und
1389 5081 1483 5130 drittes
1498 5079 1568 5136 Ilelt,
1592 5091 1618 5141 p.
1640 5078 1682 5126 81.
1698 5077 1758 5126 Non
1773 5075 1884 5128 aliunde

1109 5161 1200 5204 notum
1214 5152 1264 5202 riri
1279 5165 1369 5216 propr.
1380 5163 1476 5198 nomen
1489 5143 1648 5210 Δειναγόρης.

1141 5285 1234 5337 LXIX.
1252 5283 1302 5348 Ap.
1315 5283 1412 5334 Athen.
1421 5281 1441 5342 1,
1457 5297 1482 5346 p.
1495 5281 1524 5329 19
1537 5294 1543 5327 :
1564 5280 1604 5329 Ἔν
1617 5277 1643 5328 δὲ
1655 5277 1746 5335 didam
1756 5274 1883 5345 Πινδάρου
