4136 6036
581 433 707 494 CAPUT
728 433 778 494 lll.
802 427 1086 492 EPIGRAMMATA
1106 433 1445 494 DEllONSTilATlVA.

376 568 424 627 19.
446 563 610 623 ΦίΛίΑΔΟΥ
627 566 824 625 nurerum.

367 679 421 730 Ἐπί
434 679 487 736 τοῖς
499 679 658 748 άναιρεθεῑσιν
671 679 720 729 ὑπὸ
734 679 849 744 Περσῶν.

208 798 314 880 Ἄνδρες
326 803 369 857 τοί
381 801 443 856 ποτ’
459 801 548 856 ίναιον
564 799 617 855 ὑπό
631 801 777 878 κροτάφοις
790 783 937 864 θλικῶνος,

255 889 364 966 λήματι
377 892 430 944 τῶν
446 891 529 968 αὐχεῖ
543 887 661 952 Θεσπιάς
674 889 833 967 εὐρόχορος.

461 1041 509 1101 20.
533 1040 739 1100 mentior.

217 1160 394 1254 Ᾰόροθίαιτος
407 1173 489 1252 θνήρ,
507 1173 607 1252 ἀρετήν
622 1170 652 1228 δί
665 1169 750 1229 etius
763 1170 821 1228 τόδ’
837 1172 954 1252 ίγραψιν

258 1265 420 1342 Παρράσιος,
437 1259 547 1333 κλεινῆς
560 1259 690 1341 πατρίδος
703 1255 731 1326 lb
745 1245 867 1339 θρίαου·

219 1349 283 1408 οὐδὲ
296 1352 399 1431 πατρός
410 1349 542 1429 λαθόμην
557 1352 708 1428 Εὐήνορος,
725 1349 754 1414 ός
766 1370 807 1405 νιν
823 1351 904 1429 lpum

257 1445 382 1518 γνήσιον,
399 1425 532 1512 ίίλλήνων
546 1443 642 1520 πρῶτα
653 1443 771 1517 ρίροντα
781 1442 892 1518 τίχνης.

472 1592 521 1650 21.
544 1598 728 1649 mrsrsor.

420 1704 460 1760 Είς
471 1703 513 1755 τόν
523 1703 549 1754 όν
561 1703 640 1766 utile
659 1704 791 1768 Ἡρακλία.

206 1821 286 1890 Ὀίος
300 1821 324 1880 θ’
339 1824 463 1903 ίννόχιυν
479 1819 629 1902 φαντάζετο
645 1821 767 1881 πολλάκι
783 1829 883 1902 φοιτῶν

261 1915 406 1992 Παρρασίῳ
419 1911 454 1970 δι’
467 1913 565 1980 ὕπνου,
581 1917 656 1980 τοῖος
667 1911 709 1970 ὅδ’
725 1915 795 1970 ίοτίν
810 1915 888 1994 όρᾷν.

481 2065 530 2122 22.
553 2073 616 2122 ΤΟΥ
629 2073 740 2123 ΑΠῸΥ.

223 2197 256 2251 El
269 2197 317 2252 καί
330 2197 431 2253 άπιοτα
444 2195 571 2263 κλάουσι,
586 2195 660 2274 λίγω
675 2195 759 2254 τάδι·
779 2218 817 2278 ρη
823 2200 854 2276 μί
864 2200 917 2277 γάρ
931 2196 989 2271 ήδη

262 2287 361 2363 τίχνης
374 2281 507 2364 εὑρῆσθαι
520 2287 644 2364 τίρματα
655 2283 741 2358 τῆσδε
753 2291 828 2365 οαρῆ

222 2375 313 2450 χειρός
325 2373 370 2452 ὑφ’
384 2375 539 2453 ήμιτίρης·
556 2365 762 2453 άνυπίρθλητος
776 2371 806 2432 dl
820 2379 943 2453 πίπηγτν

263 2457 357 2540 οὖρος·
376 2464 533 2540 ἀμώμητον
550 2460 575 2519 θ’
592 2461 673 2521 οὐδὲν
688 2465 780 2543 ίγιντο
797 2463 930 2543 βροτοίς.’

461 2615 510 2674 23.
533 2614 752 2675 ΑΔΕΣΠΟΤΟΝ.

225 2748 381 2825 Γράμματα
395 2747 574 2826 Παρρασίοιο,
591 2750 675 2826 τίχνα
685 2747 773 2813 θίυός·
784 2748 855 2828 ίμμί
869 2745 899 2806 δί
913 2750 991 2828 ίργον

265 2822 339 2890 ίλίυυ
355 2836 486 2902 αίπεινάς,
500 2838 533 2892 δν
546 2834 609 2891 ίλον
622 2833 762 2898 Αἰακίδαι.

532 2987 580 3045 sl.
604 2995 704 3044 suno.

225 3104 324 3176 θνθάδ’
340 3113 410 3186 άναξ
422 3119 497 3198 ήρως
510 3118 638 3185 Φύταλός
651 3140 717 3178 ποτε
732 3118 829 3189 δέξατο
845 3125 948 3201 σεμνὴν

226 3209 389 3286 Δήμητραν,
400 3207 444 3264 ότε
456 3211 563 3286 πρῶτον
578 3210 687 3288 ὀπώρας
701 3213 805 3289 καρπόν
821 3213 930 3290 ίρήνιν,

222 3293 261 3362 ήν
274 3294 347 3372 ίιράν
365 3297 451 3365 συκῆν
466 3292 571 3366 θνητῶν
584 3298 663 3374 γένος
676 3292 852 3375 ίξονομάζιι·

225 3378 254 3448 ἐξ
265 3378 299 3440 οὗ
314 3379 349 3453 δή
364 3383 448 3460 τιμάς
461 3382 592 3441 Φυτάλου
606 3389 687 3462 γίνος
700 3387 777 3465 ίοχεν
792 3388 911 3467 ἀγήρως.

529 3537 577 3594 25.
594 3547 690 3595 ΑΛΛΟ.

227 3653 359 3738 Ελλήνων
373 3672 582 3747 προμαχοῦντες
594 3654 729 3744 Ᾰθηναίοι
742 3671 895 3752 Μαραθῶνι

267 3755 385 3812 ίκτιιναν
401 3753 510 3827 Μήδων
524 3758 600 3814 ίννία
619 3757 764 3838 μυριάδας.

421 4101 461 4150 le.
480 4115 611 4151 susumus
627 4116 802 4154 καοιιιιιιιειε.

294 4201 332 4250 De
348 4200 549 4266 receptantem,
561 4217 623 4268 quos
636 4203 720 4254 Perses
733 4204 927 4257 interemerant.

226 4312 255 4362 in
269 4326 370 4362 summo
382 4311 475 4362 domus
489 4311 530 4362 his
545 4309 680 4363 Heliconis
692 4313 790 4366 vertice
804 4315 908 4382 :jactat

259 4403 314 4446 tam
327 4395 431 4460 magnis
445 4395 540 4446 animis
554 4396 684 4463 Thespiae
698 4413 756 4450 esse
771 4415 875 4465 parens.

821 4499 849 4534 u.
869 4498 991 4536 ceorlus.

505 4583 547 4632 20.
567 4597 720 4634 ruamu-

228 4691 290 4742 Hseo
303 4690 388 4758 pinxit
400 4691 498 4752 mollis,
513 4690 618 4744 virtutis
632 4693 718 4745 cultor
728 4701 756 4746 st
769 4695 848 4760 idem,

260 4777 333 4826 clara
347 4775 504 4828 Parrhasius
518 4793 550 4827 ex
562 4777 666 4844 Epheso
680 4779 776 4844 patria.

226 4860 281 4910 Nec
295 4858 379 4925 patris
392 4859 490 4911 oblitus
504 4859 665 4925 praestantis,
678 4859 724 4927 qui
737 4860 792 4911 edit
804 4859 913 4912 Achiuis

260 4942 417 5009 legitimum,
432 4943 488 5009 ipse
503 4943 569 4996 artis
583 4944 692 5010 proemia
707 4941 793 5011 prima
806 4945 873 4996 lero.

851 5042 913 5078 uun.
929 5043 990 5078 cou.

519 5131 561 5180 ul.
580 5143 703 5182 srusnsu.

228 5240 302 5292 Talis
316 5241 390 5293 adest
404 5239 502 5308 specie,
518 5241 622 5308 qualem
637 5255 684 5306 per
698 5238 800 5291 somnia
813 5238 877 5290 vidit

1747 433 1802 492 291

1173 573 1215 627 le.
1236 571 1419 626 PHILIADAE
1434 569 1675 626 MEGARENSIS.

1160 678 1245 744 Super
1259 677 1292 728 iis
1307 693 1372 743 quos
1386 679 1474 728 Persae
1487 678 1685 730 interemerant.

1038 805 1094 860 Viri
1106 803 1152 862 isli
1166 805 1230 862 olim
1242 805 1405 863 habitabant
1419 805 1471 862 sub
1481 805 1631 862 verticibus
1645 804 1793 870 Heliconis,

1075 908 1190 967 quorum
1204 892 1365 950 fortitudine
1378 893 1501 967 spatiose
1513 892 1649 966 Thespias
1662 892 1806 966 glorietur.

1284 1047 1329 1100 20.
1349 1042 1561 1100 Puflflunsu.

1041 1176 1180 1234 Delicatus
1192 1173 1245 1242 vir,
1260 1175 1390 1232 virtutem
1400 1193 1466 1234 sero
1481 1176 1573 1233 colens
1586 1176 1670 1232 hocce
1684 1175 1775 1250 pinxit

1076 1264 1252 1332 Parrhasius,
1267 1263 1341 1321 clere
1354 1265 1445 1340 petria
1457 1267 1590 1322 υτίυιιόυο
1604 1265 1714 1338 Epheso
1731 1282 1738 1321 :

1041 1371 1130 1428 neque
1141 1352 1228 1427 patris
1241 1351 1342 1409 oblitus
1358 1369 1419 1409 sum
1433 1351 1575 1422 Evenoris,
1586 1351 1634 1426 qui
1643 1368 1705 1408 eum
1714 1351 1811 1425 genuit

1077 1442 1318 1518 legitime-netum,
1341 1441 1413 1498 inter
1432 1440 1540 1498 Grmcos
1559 1440 1662 1514 primae
1679 1440 1811 1496 terentem

1320 1594 1365 1647 21.
1385 1599 1531 1643 musonis.
1721 1529 1803 1601 [mm

1229 1701 1260 1750 In
1274 1697 1415 1750 Herculem
1427 1697 1472 1766 qui
1484 1697 1561 1748 Lindi
1575 1706 1624 1749 est.

1045 1835 1139 1906 Qualis
1152 1835 1263 1910 quidem
1278 1835 1425 1892 insomnis
1443 1833 1573 1908 apparuit
1587 1851 1661 1908 sepe
1680 1833 1814 1891 accedens

1081 1925 1229 1983 Parrhasio
1238 1941 1289 1999 per
1303 1939 1437 1993 somnum,
1450 1923 1532 1980 talem
1547 1922 1621 1980 hunc
1635 1921 1728 1980 videre
1742 1929 1794 1979 est.

1323 2077 1369 2133 λθ.
1389 2083 1536 2127 EJUSDEM.

1657 2115 1741 2189 [enim
1757 2115 1814 2190 jam

1047 2207 1106 2266 Etsi
1125 2207 1296 2272 incredibilia
1314 2207 1440 2276 audiunt,
1462 2206 1524 2264 dico
1544 2207 1635 2263 hecco
1657 2206 1815 2280 :profiteor

1081 2297 1150 2355 artis
1164 2296 1290 2354 inventos
1304 2313 1366 2353 esse
1380 2295 1511 2352 terminos
1526 2295 1641 2369 hujusce
1654 2301 1744 2352 certos

1046 2403 1129 2442 manu
1143 2391 1237 2443 nostre
1250 2401 1258 2442 ε
1273 2382 1504 2458 inexsuperabilis
1519 2391 1610 2440 autem
1624 2382 1696 2466 llxus
1706 2389 1754 2465 est

1082 2473 1173 2544 limes3
1189 2473 1357 2548 inculpatum
1374 2489 1441 2530 saue
1455 2471 1524 2528 nihil
1538 2471 1629 2530 lueret
1640 2470 1812 2529 mortalibus.

1307 2627 1353 2681 23.
1373 2621 1552 2680 ΑΝΟΝΥΜΙ.

1046 2755 1226 2815 Adumhretio
1234 2753 1386 2823 Parrhasii,
1395 2771 1466 2828 opus
1476 2753 1564 2828 llyis:
1573 2771 1634 2811 sum
1641 2753 1817 2811 eutemlshor

1082 2843 1123 2901 Ilii
1138 2842 1226 2912 ardui,
1243 2841 1316 2918 quod
1330 2858 1430 2915 cepere
1443 2840 1572 2900 Ξουθία.

1346 2995 1391 3052 24.
1411 3001 1511 3047 suun.
1691 3038 1815 3112 [mudum

1048 3131 1099 3189 llic
1111 3127 1242 3204 princeps
1255 3127 1339 3184 heros
1351 3125 1486 3202 Phytnlus
1501 3125 1564 3183 olim
1577 3132 1726 3201 exceperat
1736 3144 1815 3184 eene·

1047 3219 1185 3288 Cererem,
1201 3234 1262 3273 oum
1277 3215 1395 3290 primum
1408 3215 1531 3273 autumni
1547 3213 1664 3271 fructum
1679 3214 1775 3285 edidit,

1047 3323 1129 3381 quam
1141 3321 1247 3364 sacram
1260 3303 1342 3361 ficum
1354 3303 1509 3361 mortalium
1521 3320 1610 3377 genus
1623 3301 1746 3360 nominat
1760 3319 1768 3360 ι

1016 3441 1020 3456 .
1047 3413 1082 3452 ex
1097 3411 1151 3469 quo
1163 3410 1229 3452 sune
1241 3393 1360 3450 honores
1372 3389 1483 3467 Phytuli
1495 3407 1564 3464 gens
1575 3389 1673 3448 habuit
1682 3391 1817 3449 senio-ex·

1338 3547 1383 3602 25·
1403 3553 1504 3598 mun.
1699 3481 1813 3554 [perles.

1047 3681 1104 3740 Pro
1119 3677 1221 3738 Grecis
1235 3681 1391 3751 pugnantes
1405 3673 1587 3731 Athenienses
1600 3673 1762 3730 Marathone

1083 3767 1281 3826 interfecerunt
1294 3763 1437 3822 Medorum
1448 3779 1546 3819 novem
1558 3761 1708 3836 myriadas.

1081 4102 1240 4157 Parrhasius
1255 4100 1348 4168 pictor,
1363 4099 1433 4150 culta
1446 4099 1530 4163 ligura
1541 4097 1594 4151 dei.
1637 4111 1700 4148 sar.
1719 4112 1813 4149 cossas.

1340 4220 1382 4269 22.
1401 4231 1524 4269 sausoure.

1047 4337 1102 4386 Ista
1116 4333 1194 4384 tidem
1208 4329 1326 4397 quamvis
1341 4330 1409 4381 citra
1420 4328 1482 4388 sint,
1498 4329 1554 4379 brec
1569 4334 1656 4378 tamen
1671 4327 1713 4378 aio
1729 4341 1736 4376 ι

1081 4416 1159 4482 hujus
1172 4414 1247 4466 adest
1259 4411 1324 4463 artis
1337 4420 1408 4463 nicta
1421 4419 1527 4476 reperta
1540 4410 1619 4472 mihi;

1046 4503 1104 4553 haec
1116 4506 1214 4550 nostrae
1228 4496 1334 4548 valuere
1348 4511 1455 4557 manum
1469 4493 1624 4560 prestantia
1637 4495 1748 4562 tingunt,

1080 4585 1126 4637 sed
1140 4583 1219 4650 culpa
1232 4597 1342 4634 vacuum
1356 4579 1394 4632 nil
1407 4579 1456 4632 suit
1467 4587 1528 4631 aute
1542 4578 1615 4630 siris.

1552 4678 1614 4714 uir.
1633 4678 1696 4714 cose.
1715 4677 1813 4713 suasu.

1353 4787 1395 4836 24.
1414 4799 1502 4835 suun.

1048 4895 1099 4948 Hic
1111 4896 1233 4947 Cererem
1245 4895 1321 4947 tectis
1336 4895 1463 4960 Phytalue
1476 4901 1628 4960 susceperat
1642 4893 1730 4952 heros,

1049 4995 1091 5032 cui
1106 4979 1219 5045 primum
1234 4979 1303 5030 sacri
1316 4979 1414 5044 largita
1429 4985 1468 5029 est
1483 4977 1584 5028 semina
1597 4977 1676 5043 pomi.

1049 5078 1128 5129 quam
1142 5064 1253 5114 mortale
1269 5079 1351 5126 genus
1365 5063 1443 5114 doum
1455 5069 1540 5112 vocat.
1556 5059 1629 5110 illiue
1643 5073 1707 5124 ergo

1047 5143 1164 5195 muneris
1178 5153 1277 5195 aeterno
1290 5145 1334 5196 hic
1347 5142 1452 5208 Phytali
1466 5157 1530 5207 gens
1544 5143 1620 5192 floret
1631 5141 1739 5192 honore.

1652 5249 1717 5286 ΒΘΗ.
1731 5246 1812 5285 Aul·
