4076 6022
724 415 762 475 ΙΝ
785 418 911 480 CAPUT
932 418 944 478 l
966 419 1200 484 annotatio.
1720 429 1758 488 ot

154 544 201 608 pia
219 546 268 595 aiu
286 545 352 595 ἔστιν
367 547 448 605 εἰκὼν,
465 547 578 601 Κλέωνος
592 545 617 593 δὲ
633 551 677 596 τοῦ
692 545 768 610 dodoi,
782 550 818 610 ἐρ’
837 543 865 609 ἦς
878 552 929 600 έπι-

154 613 307 676 γέγραπται·
325 614 407 665 Πυθέα
422 631 446 664 κ.
463 629 486 661 τ.
499 615 522 664 λ.
540 633 597 658 -ιι
617 613 656 662 De
671 613 720 662 hoc
735 617 840 674 Cleons,
861 615 928 665 'lito-

156 681 229 727 bano
246 679 363 736 tibicine,
379 680 445 729 nihil
456 678 577 740 invenio;
594 695 653 730 eum
671 687 731 730 anta
750 681 929 732 Alexandrum

155 745 286 808 Magnum
295 745 414 796 floruisse
421 754 533 813 apparet
540 764 571 796 ex
581 747 692 798 historia
702 763 780 812 quarn
788 750 930 799 Athenaeus

155 811 232 861 addit
243 828 273 860 ex
289 813 441 868 Polemone,
455 815 486 862 dc
502 815 626 864 'l'ltebano
643 815 767 880 quodam,
782 817 826 880 qui
846 817 931 881 patria

156 879 286 944 profugus
310 895 403 928 aarum
430 881 455 928 in
477 879 536 928 sinu
560 891 652 928 statute
675 883 780 930 Cleonis
804 883 929 942 condidit,

155 945 238 1009 idque
265 946 374 1008 triginta
393 959 564 1010 postauam,
584 949 672 1010 putria
693 955 855 1008 restaurata,
871 948 931 999 inde

155 1013 299 1078 protraxit.
316 1032 327 1055 ο
340 1013 396 1062 itte.

188 1147 366 1196 LXX-LXXI.
385 1149 423 1196 Ex
439 1149 555 1196 Pausan.
571 1149 615 1206 tt,
632 1151 655 1208 3,
678 1153 706 1198 15
726 1165 732 1198 :
750 1151 894 1216 Λύσανδρον
906 1151 932 1200 id

154 1212 200 1262 τὸν
228 1215 412 1280 Ἀριστοκρίτου
434 1215 588 1278 Σπαρτιάτην
610 1216 726 1268 ἀνέθεσαν
747 1217 773 1266 έν
811 1219 932 1284 Ὀλυμπίφ

154 1281 257 1342 Σάμιοι·
274 1281 315 1329 καὶ
327 1281 411 1336 αὐτοῖς
427 1281 455 1328 τὸ
474 1285 517 1344 μέν
536 1282 719 1346 πρότεροντῶν
738 1284 931 1348 ἐπιγραμματων

154 1347 233 1402 ἐστίν,
253 1351 294 1394 'liv
306 1347 453 1410 πολυθαήτῳ
466 1365 491 1398 κ.
508 1365 520 1394 τ
540 1351 651 1397 λ.Τοὺτο
665 1349 747 1409 μὲνδὴ
763 1351 821 1406 τοὺς
832 1351 861 1398 τὸ
871 1351 931 1400 ἁνα-

154 1417 223 1476 iupa
235 1415 371 1468 ἀναθέντας
383 1415 483 1476 μηνύει·
517 1413 545 1462 τὸ
566 1413 587 1462 δ’
605 1415 688 1477 ἐφεξῆς
700 1417 735 1472 είς
745 1417 820 1465 αὐτὸν
835 1416 932 1473 ἔπαινός

153 1481 210 1530 ἐστι
227 1481 385 1544 Λυσάνδρου,
415 1481 544 1530 Ἀθάνατον
566 1497 592 1529 ιι.
613 1497 636 1528 τ.
661 1484 683 1530 λ.
711 1510 741 1518 -
757 1483 821 1532 Haeo
845 1491 932 1533 statua

153 1546 286 1608 Lysandri
295 1544 383 1610 posita
392 1554 432 1596 est
441 1553 500 1610 post
512 1545 648 1596 victoriam
659 1546 694 1596 ad
700 1549 785 1613 AEgos
798 1557 932 1613 potamum

154 1613 187 1662 de
199 1612 406 1662 Atheniensibus
421 1615 542 1662 relatam.
557 1640 587 1648 —
604 1616 626 1678 β.
638 1629 675 1663 νε.
693 1618 716 1663 1.
728 1617 805 1680 vulgo
820 1617 931 1681 πάτρως

154 1679 233 1730 codd.
256 1679 368 1728 Casaub.
389 1687 415 1727 et
435 1679 548 1728 vindob.
566 1679 632 1728 bene
653 1679 776 1732 exhibent
790 1683 881 1748 πάτρα.
902 1684 931 1733 ln

155 1757 268 1810 utroque
288 1743 378 1794 codice
396 1750 436 1794 est
459 1745 648 1813 Ἀριστοκρίτῳ,
664 1747 696 1796 ιλιι
711 1764 762 1814 quo
784 1748 838 1798 vid.
858 1749 931 1799 l'acii

154 1823 247 1862 notam
265 1815 294 1861 to
311 1811 344 1861 ad
357 1811 418 1860 libr.
431 1812 477 1872 111,
489 1828 513 1861 c.
528 1815 552 1862 6.
599 1831 601 1836 ·

186 1953 293 2005 LXXII.
310 1953 434 2018 otympiae
449 1962 582 2018 repertum
598 1954 625 2004 in
636 1955 733 2020 angulo
744 1956 823 2007 N.-o.
838 1957 928 2022 templi

151 2019 927 2089 dosis,ediditPt-aaltelioArchdoloqiscbelet'tuaq,1877,

152 2105 178 2154 p.
199 2089 241 2146 13,
258 2101 284 2135 n.
303 2087 344 2136 st.
359 2087 405 2136 l's.
428 2089 451 2136 1.
467 2089 548 2136 habet
566 2087 634 2152 lapis
651 2105 698 2154 per
712 2089 930 2140 assimilationem

150 2157 226 2206 'fflld
244 2156 332 2216 ΜΕΝ,
349 2155 412 2202 Tttt
430 2155 569 2204 rotrtot.
590 2155 647 2204 Hoc
666 2155 835 2206 simulacrum
848 2164 875 2207 st
890 2156 929 2206 in-

150 2223 283 2286 scriptum
292 2219 396 2270 titulum
407 2230 598 2270 memoraverat
608 2222 765 2282 Pausanias,
775 2224 880 2282 λ’1,1“1,5

151 2291 203 2340 Καὶ
215 2291 260 2340 τὸν
277 2287 406 2336 Λεοντῖνον
424 2289 526 2352 Γοργίαν
540 2289 597 2336 ἰδεῖν
614 2287 694 2338 ἐστιν·
708 2289 832 2340 &saisireu
845 2291 872 2339 δὲ
885 2293 928 2348 τήν

151 2357 237 2405 είκονα
252 2358 277 2408 ές
301 2355 437 2414 Ὀλυμπίαν
459 2354 530 2414 φησὶν
555 2351 683 2417 Εὔμολπος
705 2355 828 2419 ἀπόγονος
848 2357 930 2422 τρίτος

151 2425 311 2487 Δηικράτους
325 2423 523 2480 συνοικήσαντος
536 2421 626 2484 diripit
641 2428 670 2486 τῇ
690 2423 803 2488 Γοργίου.
819 2417 900 2480 Οὗτος
915 2429 928 2474 ό

149 2492 255 2554 Γοργίας
267 2487 361 2550 πατρὸς
376 2490 420 2550 μέν
437 2482 466 2546 ἦν
484 2477 667 2552 Χαρμαντίὲον.
683 2490 778 2552 λέγεται
790 2490 817 2538 δὲ
831 2491 928 2540 ἀνασώ-

148 2559 242 2606 σασθαι
262 2553 365 2617 μελέτην
385 2557 465 2619 λογων
481 2557 580 2616 πρῶτος
595 2556 750 2617 ἠμελημένην
763 2571 789 2606 τε
805 2557 838 2612 είς
853 2557 925 2616 ἅπαν,

149 2623 193 2672 καί
206 2623 232 2676 ές
243 2623 318 2680 λήθην
335 2620 418 2683 ὀλίγου
436 2623 485 2670 δεῖν
501 2621 614 2680 ἤκουσαν
627 2623 772 2686 ἀνῡρώποις.
789 2623 928 2686 Εὺὸοκιμῆ-

149 2706 193 2738 σαι
204 2688 231 2737 δὲ
246 2687 349 2750 Γοργίαν
362 2689 441 2751 λόγων
461 2689 545 2737 εἵνεκα
558 2689 582 2737 έν
598 2705 625 2736 τε
638 2689 773 2754 πανηγύρει
785 2695 815 2754 τῇ
838 2691 928 2754 Ὀλυμ·

148 2758 211 2830 πιαῇ
227 2772 298 2818 φασι.
314 2755 356 2802 καὶ
372 2765 423 2804 etc.

185 2888 303 2940 txxttt.
314 2889 381 2936 Olim
395 2887 512 2943 atiena,
527 2901 595 2935 nunc
610 2886 636 2934 in
650 2886 716 2936 Brit.
728 2891 795 2938 blus.
810 2903 927 2938 marmor

150 2955 332 3020 Elginiaoum.
349 2955 452 3004 Primus
466 2953 584 3003 ediderat
595 2952 698 3017 ttyriao.
714 2955 815 3004 Ancon.
832 2957 923 3020 Ερίρι·.

150 3040 178 3089 p.
188 3037 234 3080 xv,
251 3038 277 3072 a.
298 3025 359 3082 t05;
376 3021 471 3071 deinde
486 3021 613 3070 Mutatur.
631 3031 647 3069 t.
661 3021 693 3076 11,
711 3037 736 3085 p.
750 3036 840 3080 uexat,
855 3024 879 3082 3,
896 3038 925 3070 ex

149 3105 202 3154 qua
217 3091 298 3138 habet
311 3091 418 3138 Jacobs.
434 3087 553 3151 Paralip.
572 3086 678 3136 altatitol.
691 3087 724 3148 11,
740 3103 765 3136 n.
780 3089 820 3148 15,
833 3103 859 3152 ρ.
875 3091 923 3137 toti

149 3167 177 3206 et
187 3155 294 3206 Authol.
310 3154 366 3204 Pal.
376 3155 527 3218 appendo.
544 3154 601 3210 1511,
613 3153 723 3202 Boeclth.
735 3154 813 3218 Corp.
824 3169 850 3204 n.
865 3157 923 3204 111.

150 3251 183 3260 -
195 3224 235 3272 ct'.
249 3225 289 3272 St.
302 3223 335 3270 A.
355 3219 500 3270 Cumanud.
522 3221 583 3268 har.
602 3220 680 3286 ίπιγρ.
697 3221 812 3285 ίπιτύμὸ.
826 3237 852 3286 p.
866 3223 922 3278 121,

149 3305 177 3338 n.
197 3291 256 3338 9119.
273 3286 433 3351 Nuperrime
450 3287 556 3336 tandem
572 3285 663 3335 retulit
679 3301 708 3335 ex
722 3302 853 3336 marmore
866 3287 923 3352 ipso

148 3357 271 3405 Nestou.
285 3355 350 3402 Aac.
365 3355 425 3404 Gir.
440 3353 520 3402 laam.
533 3352 599 3402 ortt.
610 3353 678 3402 Mus.
692 3369 718 3404 n.
730 3369 782 3402 avt.
797 3375 809 3399 ιι
821 3353 924 3402 Titulus

147 3421 191 3471 hic
206 3419 366 3486 sepulcralis
388 3429 499 3476 nonest,
519 3418 565 3468 sed
586 3418 701 3468 dsl'uncti
725 3419 814 3468 fratris
834 3419 925 3484 imagi-

148 3503 210 3538 nem
241 3487 349 3536 dedicat
372 3487 546 3549 Polystratus.
569 3483 649 3549 Cujus
677 3485 765 3548 imago
789 3485 925 3536 dedicatur

147 3569 229 3619 supra
256 3553 387 3618 scriptum
414 3559 453 3602 est
482 3566 577 3601 nomen
604 3551 698 3614 Polylli
723 3552 861 3615 Polyllidis
886 3554 923 3602 ill.

148 3619 323 3670 Paeaniensis.
343 3639 354 3661 ν
375 3618 451 3668 deicit.
464 3617 510 3667 l's.
529 3620 551 3666 l.
564 3617 682 3682 Jacobs,
696 3617 802 3682 dempto
817 3627 922 3684 puncto,

149 3689 272 3742 Πόλυλλος
291 3686 363 3734 serbi
387 3687 488 3744 ἀντίηνιε
507 3684 653 3748 subjectum
674 3700 731 3734 esse
751 3685 883 3746 credebat,
899 3695 925 3736 et

149 3755 362 3817 Πολυστράτου...
380 3751 483 3814 ἀδελφοῦ
496 3751 582 3813 legere
592 3749 683 3810 voluit,
694 3765 753 3800 cum
768 3751 923 3812 Muratorio,

150 3821 323 3884 uitnagincm
351 3817 494 3882 Polystrati
519 3815 559 3866 sui
581 3816 680 3868 fratris.
705 3837 718 3863 ν
740 3817 821 3882 Lapis
846 3819 926 3869 habet

146 3895 497 3958 ΠΟΛΥΣῘΡΑΤΟΣ.

181 4051 299 4101 LXXIV.
312 4049 341 4098 ln
360 4049 492 4114 λαμπρίων
506 4051 623 4116 παράλων
636 4064 705 4114 pago
715 4049 805 4101 attico.
816 4053 866 4103 Ed.
876 4053 928 4102 Le·

147 4120 203 4167 lias.
213 4119 235 4172 1.
251 4119 293 4170 85.
309 4116 341 4164 G.
364 4115 468 4168 Xaibel.
480 4119 574 4183 Ερίρρ.
586 4134 628 4183 qr.
644 4135 658 4168 e
672 4115 725 4182 lap.
742 4117 810 4168 corti.
824 4135 849 4168 a.
864 4121 922 4178 925,

145 4185 246 4235 etalii.
269 4181 353 4233 Keilii
375 4189 436 4233 suat
456 4186 648 4248 supplementa.
668 4205 701 4228 =
726 4185 773 4234 l's.
794 4187 817 4237 3.
838 4186 924 4236 Lebas

145 4255 214 4313 φίλον
244 4266 298 4364 prol
322 4250 391 4306 ζῆλον
415 4249 572 4327 scripseram
609 4249 678 4326 Keil.
714 4253 857 4328 κισσοφὸριρ
882 4253 922 4316 δὲ,

145 4318 603 4448 lt.d5¹bt.;..t⁶ttttttt.,a
619 4317 923 4450 latittdt'tttttt}

145 4465 170 4500 et
186 4451 249 4501 vicit
263 4463 367 4514 quoque
387 4457 471 4513 pater.

178 4589 282 4638 txxv.
301 4589 408 4639 Athenis
430 4589 462 4638 ad
482 4589 621 4639 ecclesiam
649 4585 812 4636 catholicon.
834 4584 922 4634 Edidit

145 4655 260 4704 Pococlt.
281 4656 415 4719 Inscripti.
432 4655 463 4704 Ρ.
483 4655 504 4716 l,
525 4671 547 4704 o.
562 4659 586 4713 5,
608 4661 671 4704 sect.
686 4655 711 4712 i,
729 4667 755 4717 p.
773 4653 813 4700 55.
831 4650 921 4716 Epita-

102 4767 108 4778 ,
145 4723 235 4784 phium
262 4728 303 4771 est
329 4721 355 4770 in
384 4721 473 4786 plures
493 4720 602 4771 milites.
624 4719 687 4770 inde
708 4719 797 4768 retulit
810 4718 919 4767 Boeclth.

144 4788 222 4852 Corp.
240 4795 261 4838 t.
279 4789 300 4845 1,
321 4803 347 4836 n.
369 4789 416 4836 tta
434 4793 461 4836 et
479 4787 644 4838 Cumanudes
658 4785 684 4835 ia
707 4788 769 4836 Ἆττ.
791 4783 854 4847 isay.
870 4784 920 4832 im·

143 4855 218 4918 τίμὸ.
242 4870 270 4918 p.
290 4855 347 4913 395,
374 4869 401 4903 ιι.
424 4855 498 4904 3187.
523 4853 660 4904 Distichon
683 4850 816 4917 posterius
836 4856 875 4899 est
893 4849 919 4898 in

143 4922 227 4970 altero
251 4921 334 4970 latere
361 4919 478 4984 ejusdem
496 4919 601 4986 lapidis.
615 4918 693 4970 Initio
707 4917 815 4967 secundi
830 4931 920 4966 versus

143 4987 247 5037 ridetur
264 4986 425 5050 adjectivum
440 4986 473 5036 ad
486 4988 572 5052 ἀνδρὸς
588 4986 705 5052 periisse,
720 4984 814 5033 deinde
825 4997 920 5034 nomen

143 5053 190 5103 riri
207 5053 346 5110 celebrati,
365 5052 477 5118 exempli
495 5049 842 5115 οσιιτιι,111.ειστο’κριτον.1ιι
860 5065 919 5114 pro-

143 5120 269 5170 ductione
283 5119 393 5182 syllabae
404 5135 430 5168 ον
451 5119 550 5170 nullam
565 5119 747 5168 difficultatem
761 5129 819 5166 esse
834 5115 919 5165 sciunt

143 5186 259 5236 metrici.
275 5186 359 5234 -01,
374 5185 458 5250 epigr.
471 5185 580 5235 atticum
594 5185 680 5234 simile
695 5199 736 5248 ap.
755 5184 870 5232 Pausan.
885 5183 919 5240 X,

143 5255 185 5312 21,
201 5255 225 5312 3,
243 5252 271 5303 ia
284 5253 335 5301 hae
349 5261 441 5302 nostra
458 5252 557 5316 sylloge
570 5268 595 5302 ιι.
615 5253 660 5301 tta
676 5267 682 5300 :
700 5242 735 5300 'tt
755 5251 819 5313 μάλα
833 5251 860 5308 δὴ
876 5265 919 5299 πο-

142 5321 238 5370 θέουσα
251 5337 278 5368 κ.
293 5335 317 5368 τ.
332 5319 356 5369 λ.
372 5345 402 5356 -
421 5319 467 5368 Vs.
489 5321 512 5370 1.
531 5319 564 5370 (t.
579 5318 684 5373 Kaibel.
704 5318 742 5381 El]
755 5317 856 5367 τοιῶνδε
875 5319 917 5367 ἀν-

983 553 1046 618 δρῶν
1061 551 1098 630 sio
1114 555 1192 615 πόλις,
1209 557 1294 607 οὔποτ’
1306 555 1336 610 ἂν
1349 559 1444 622 stipala
1459 588 1489 596 -
1505 561 1552 612 Vs.
1569 562 1594 613 l.
1612 563 1652 612 td.
1667 564 1755 630 ίχθροῖι

992 623 1179 686 ἶιριστοκριτον.

1017 756 1133 807 LXXVI.
1158 758 1274 809 Athenis.
1300 762 1338 810 Ex
1360 762 1465 812 schedis
1491 764 1655 828 Fourmonti,
1678 768 1752 833 Corp.

985 823 1048 872 ittsc.
1070 839 1112 888 pr.
1133 827 1174 874 85.
1195 826 1315 876 Boeclthii
1335 831 1518 894 supplementa
1544 841 1604 880 sunt
1623 835 1671 882 nisi
1689 836 1754 898 quod

985 891 1068 964 esni.
1089 905 1136 954 pro
1155 893 1218 952 θείην
1239 893 1346 957 scripsit
1361 895 1498 946 Kaihelius
1519 901 1623 956 θνητῶν.
1645 930 1673 937 -
1690 903 1755 950 Sub·

986 962 1113 1019 scriptum
1128 965 1168 1007 est
1180 959 1334 1009 tetrasticho
1351 977 1357 1010 :
1377 963 1479 1012 ”Palaiai
1500 967 1530 1026 τῆ
1546 967 1676 1030 hesperiis
1694 970 1754 1034 φυλῇ

986 1021 1025 1070 έπί
1045 1024 1229 1089 Χαρισάνδίρου
1253 1026 1382 1092 ἄρχοντος]
1402 1037 1432 1094 τῇ
1457 1025 1532 1098 sopiit
1554 1033 1633 1098 ἀγορᾶ
1650 1036 1755 1100 κρύὸὀην

987 1090 1164 1152 ψηφισαμένων
1178 1093 1238 1156 adopt
1252 1097 1360 1154 φυλετῶν
1378 1098 1402 1146 ἐν
1418 1101 1560 1162 ἁκροπολει.
1625 1088 1630 1101 ’

1016 1158 1141 1234 ,Ὀνήτωρ
1151 1159 1331 1224 Κηφισοδώρου
1342 1165 1460 1220 Μελιτεὺς
1470 1159 1556 1230 simler·
1573 1169 1680 1232 Ἐπειόἠῖ
1692 1171 1756 1236 Πυρ-

988 1223 1073 1301 ρ[ης.,1.
1094 1225 1156 1302 ᾲνηρ
1172 1224 1268 1302 ,ἀγαθὸς
1286 1229 1416 1289 γεγένηται
1433 1232 1488 1294 περὶ
1508 1235 1551 1292 τὴν
1573 1238 1647 1298 φυλήν
1666 1237 1756 1288 καὶτὰ

989 1290 1079 1352 uetula,
1096 1292 1229 1354 επαινεσαλι
1247 1293 1321 1342 αὐτὸν
1338 1296 1436 1361 ῑγάρετῆς
1451 1299 1531 1350 ἕνεκεν
1545 1303 1595 1366 καὶ]
1605 1303 1689 1365 χρυσῷ
1701 1321 1756 1353 στε-

989 1357 1058 1418 pauit
1073 1358 1121 1404 ἀπὸ
1133 1360 1303 1408 πεντακοσίων
1320 1365 1475 1425 στεφανῶσαι
1494 1383 1519 1414 ν..
1533 1383 1556 1416 τ.
1574 1371 1596 1415 λ,
1612 1396 1640 1402 -
1664 1368 1756 1419 Cltari·

989 1421 1085 1471 sunder
1098 1424 1196 1472 archon
1208 1423 1257 1473 luit
1270 1425 1310 1474 Ol.
1328 1427 1368 1488 ct,
1384 1433 1407 1487 1,
1420 1431 1460 1478 vel
1475 1446 1543 1480 anno
1559 1435 1605 1484 315
1623 1449 1648 1484 u.
1665 1437 1711 1484 Ch.
1728 1451 1753 1486 n.
1792 1489 1796 1498 ,

1022 1559 1757 1632 Lxxvtt.Extmtroinsutattdidatootad.Sap-otae

989 1625 1123 1676 luminelte
1144 1627 1173 1676 di
1194 1626 1300 1690 dromo,
1320 1638 1382 1690 etc„
1404 1646 1430 1695 p.
1458 1633 1498 1690 22,
1519 1633 1630 1697 indeque
1649 1635 1755 1684 Jacobs.

988 1692 1095 1742 anthol.
1109 1694 1195 1744 Putat.
1211 1695 1331 1746 Addead.
1348 1697 1379 1745 Τ.
1398 1697 1444 1754 111,
1463 1714 1488 1762 p.
1507 1702 1563 1748 tuo.
1579 1701 1684 1762 integer
1696 1701 1756 1751 tito·

989 1757 1029 1806 lus
1046 1766 1086 1807 est
1099 1759 1212 1810 Londini
1231 1761 1257 1810 in
1278 1763 1369 1812 Museo
1389 1764 1617 1828 Strangsordiano.
1641 1768 1757 1832 Repetiit

988 1825 1098 1874 Boeclth.
1125 1827 1202 1892 Cotp.
1227 1843 1253 1876 n.
1277 1831 1356 1888 2156,
1381 1837 1460 1894 atque
1486 1848 1517 1880 ex
1544 1847 1674 1884 marmore
1699 1834 1757 1900 ipso

988 1890 1108 1941 Newton.
1127 1893 1192 1943 Arte.
1209 1895 1255 1944 Gr.
1271 1897 1404 1962 Inscripti.
1420 1899 1487 1946 Μιιι.
1510 1900 1574 1948 11ι·ι’1.
1589 1915 1614 1948 o.
1638 1915 1709 1950 ιυιιι.
1724 1929 1756 1938 -

988 1958 1034 2032 Vs:
1053 1961 1075 2006 l.
1089 1957 1170 2024 Lapis
1185 1961 1265 2010 habet
1276 1965 1376 2028 κήρυκι.
1390 1963 1483 2013 Statua
1499 1974 1556 2013 erat
1570 1967 1674 2016 llermae
1689 1967 1757 2031 Ago-

988 2039 1045 2082 rmt,
1057 2041 1083 2074 ιιι
1097 2041 1180 2090 agera
1195 2028 1282 2091 (loro),
1298 2030 1372 2093 juxta
1383 2029 1513 2094 porticum
1526 2031 1644 2081 Poecilen
1660 2033 1753 2097 posita.

987 2091 1020 2138 λ’.
1034 2091 1143 2142 Lucian.
1159 2095 1219 2158 Jttp.
1237 2098 1306 2158 trop.
1318 2111 1342 2145 c.
1353 2097 1382 2144 33
1396 2111 1402 2144 t
1416 2099 1430 2146 ὁ
1445 2099 1497 2154 σοι,
1512 2093 1531 2146 ὦ
1550 2099 1639 2164 ‘ipah
1656 2101 1757 2163 ἀδελφός

988 2155 1053 2206 ἐστιν
1067 2162 1079 2206 ὸ
1095 2161 1235 2225 ἁγοραῑοςὸ
1250 2163 1318 2226 παρὰ
1333 2163 1376 2220 τήν
1391 2165 1517 2220 Ποικίλην.
1535 2191 1564 2200 -
1579 2165 1624 2214 Vs.
1640 2167 1665 2214 3.
1681 2165 1755 2216 Bois·

987 2237 1043 2272 soa.
1058 2225 1141 2289 Epist.
1156 2227 1272 2276 Holsteu.
1284 2243 1311 2292 p.
1331 2230 1388 2287 151,
1401 2231 1520 2279 voluerat
1536 2232 1586 2280 οἵδε
1602 2233 1755 2294 κασίγνητοι,

986 2305 1031 2356 sed
1047 2305 1175 2373 inlepide
1192 2308 1289 2374 legitur
1304 2299 1400 2387 ΑΥῘ]
1415 2305 1735 2370 ΟΚΑΣΙΓΝΗΤΟΙ.

1017 2443 1158 2494 Lxrtt'ttt.
1176 2446 1247 2496 later
1260 2447 1365 2497 Busirin
1380 2451 1406 2496 et
1418 2449 1562 2514 Memphin.
1578 2449 1615 2498 Ex
1628 2448 1754 2500 Boeclthio

987 2509 1063 2575 Carp.
1076 2513 1140 2562 1102
1153 2511 1234 2561 edidit
1244 2513 1276 2561 G.
1287 2513 1391 2563 Kaibel.
1405 2514 1512 2578 Γρίφων
1523 2531 1564 2580 ρι’.
1581 2531 1595 2564 e
1610 2516 1675 2580 lup„
1691 2525 1752 2576 etc„

984 2591 1009 2625 a.
1027 2579 1084 2626 tta.
1107 2597 1118 2622 ιι
1141 2578 1262 2627 Chabriae
1276 2579 1454 2630 mercenarios
1468 2596 1493 2630 a.
1514 2583 1561 2630 363
1584 2583 1686 2632 titulum
1707 2597 1751 2648 po-

983 2642 1067 2692 suisse
1081 2651 1141 2707 apte
1154 2645 1267 2707 conjecit
1281 2645 1391 2696 Boeckh.
1406 2665 1419 2689 ν
1436 2649 1466 2697 G.
1482 2649 1515 2697 Κ.
1528 2675 1559 2684 -
1572 2649 1618 2698 Vs.
1636 2651 1659 2698 2.
1680 2651 1753 2699 ιλλιιο·

981 2710 1181 2772 irritatione,
1196 2710 1314 2776 idemque
1332 2713 1458 2763 nonnulla
1471 2714 1602 2780 supplevit
1613 2715 1640 2764 in
1652 2715 1753 2780 reliquo

982 2775 1057 2825 titulo
1073 2775 1117 2840 qui
1132 2775 1168 2825 ita
1182 2785 1222 2826 est
1237 2793 1243 2826 :

1016 2877 1165 2942 herispoo:
1185 2880 1322 2942 llllqvai(0;l
1360 2883 1484 2941 Σωσικλῆς
1504 2885 1646 2950 ttae-attor)

1025 2945 1175 3011 Ἀνδρόχαρις
1187 2947 1324 3012 Νισύριιος)
1360 2951 1499 3014 Δημήτριος
1517 2953 1660 3016 Ἆθηνσίιος)

1016 3013 1172 3074 Μνασιγένης
1193 3013 1321 3078 Boudia)
1365 3015 1536 3075 Ἀπολλωνίδης
1547 3007 1697 3085 qulptitac)

1025 3081 1150 3138 Ἐπιτέλης
1166 3079 1322 3144 Κυραναίῐοι)
1362 3081 1508 3142 Πυθόδωρος
1525 3085 1668 3148 Ἀθηναίίος)

1016 3145 1132 3208 Στράτων
1147 3147 1324 3210 raptorapto
1369 3148 1550 3211 ’.Αριστόὸονλοι
1569 3152 1715 3216 Ἀθηναῖοι).

985 3213 1062 3259 ...καί
1069 3211 1134 3274 qap
1140 3211 1280 3278 τροί[τεζ]αν
1287 3213 1405 3263 ἀνέθεσαν
1417 3217 1558 3282 Ἀμυρταίος
1566 3217 1750 3284 *Γόδιοςῂιαλμ

980 3313 1069 3362 'l'anus
1082 3312 1146 3361 deus
1158 3313 1231 3363 nullo
1244 3313 1297 3364 alio
1308 3315 1463 3367 documento
1474 3326 1551 3368 notus
1563 3327 1613 3371 est.

1015 3445 1131 3496 LXXIX.
1141 3445 1221 3509 Lapis
1233 3449 1387 3513 Panticapei
1398 3466 1429 3500 ex
1437 3451 1575 3501 ruderibus
1589 3461 1708 3518 repertus
1716 3454 1751 3504 ad

983 3513 1108 3578 oppidum
1132 3513 1250 3564 liertseh.
1276 3529 1319 3564 an.
1337 3517 1411 3565 1823.
1434 3517 1523 3567 Edidit
1543 3519 1687 3580 nanterus,
1712 3521 1751 3572 De

982 3595 1082 3631 autam.
1093 3580 1214 3644 Spurioc.
1226 3596 1252 3646 p.
1265 3583 1305 3632 59.
1320 3609 1345 3618 -
1364 3583 1497 3634 Tractarit
1507 3585 1636 3641 ll'elcker.
1649 3587 1748 3654 Syllop.

983 3648 1065 3712 epiyr.
1080 3645 1142 3696 edit.
1158 3661 1211 3695 sec.
1232 3662 1258 3696 a.
1277 3650 1333 3698 tes.
1354 3673 1384 3686 -
1406 3649 1523 3714 Repetiit
1539 3651 1648 3702 Boeckh.
1671 3655 1748 3720 Cotp.

983 3714 1233 3830 llll‘d'dtllllj
1245 3715 1749 3856 ,nita-P·..⁵.tl¹¹lt·=.t‘.t¹5¹tttr

983 3854 1012 3896 ut
1023 3847 1149 3896 archonte
1159 3844 1295 3910 praelursse
1306 3847 1477 3899 Parisadem.
1490 3877 1520 3886 —
1536 3851 1574 3902 Cl.
1586 3853 1620 3900 tt.
1634 3869 1660 3902 n.
1672 3855 1746 3904 2131.

1015 3983 1118 4034 LXXX.
1134 3985 1251 4044 Athenis,
1265 3983 1386 4042 edidity.
1407 3983 1440 4033 cl.
1460 3984 1621 4047 Rhaugabes
1636 3985 1748 4050 primum

982 4049 1008 4099 in
1023 4051 1116 4101 Diam.
1134 4052 1254 4102 urcloeoi.
1270 4051 1365 4101 Athen.
1379 4066 1407 4099 n.
1424 4051 1464 4107 22,
1485 4050 1614 4114 posterius
1629 4051 1656 4100 in
1673 4053 1747 4103 Attii.

981 4116 1042 4166 laeli.
1059 4125 1077 4168 t.
1091 4118 1124 4178 tt,
1138 4133 1164 4180 p.
1181 4120 1239 4172 tas.
1253 4133 1279 4166 n.
1297 4118 1375 4176 1⁰⁰83
1392 4118 1440 4166 Ph.
1452 4117 1547 4176 Lebas‚
1562 4118 1672 4182 Voyaqe,
1685 4128 1746 4177 eto,

981 4185 1113 4250 Inscripti.
1129 4183 1212 4258 tuq.
1230 4200 1256 4234 n.
1276 4185 1317 4232 32.
1338 4182 1520 4247 Subscriptum
1539 4191 1579 4232 est
1592 4183 1688 4234 litteris
1706 4199 1747 4234 rs-

981 4249 1142 4299 centioribus
1155 4251 1249 4314 quibus
1266 4250 1387 4300 Romana
1406 4248 1575 4299 denuntiatur
1588 4259 1662 4308 aetas,
1680 4250 1748 4300 alius

981 4315 1080 4374 titulus,
1100 4315 1144 4381 qui
1161 4317 1234 4366 nulla
1256 4315 1358 4366 ratione
1375 4315 1408 4365 ad
1423 4315 1537 4380 priorem
1552 4315 1673 4380 pertinet.
1689 4318 1748 4366 Non

980 4382 1050 4432 idem
1060 4390 1101 4432 est
1113 4391 1190 4446 atque
1203 4382 1225 4432 is
1242 4381 1285 4448 qui
1299 4381 1395 4446 legitur
1408 4381 1476 4447 apud
1491 4381 1585 4440 Lebas,
1599 4382 1617 4431 l.
1635 4399 1658 4432 ο.
1672 4383 1747 4432 Λυσί-

980 4465 1058 4514 μαχος
1090 4450 1235 4498 Δυσιιείδου
1273 4451 1426 4514 ’λγρυλήιενς
1452 4456 1580 4504 memorat
1609 4449 1748 4514 quemdam

978 4515 1014 4563 Μ.
1030 4514 1159 4564 Licinium
1180 4515 1304 4565 Crassum
1327 4515 1418 4578 Frugi.
1432 4515 1513 4564 Notat
1526 4515 1611 4564 Lebas
1626 4531 1655 4565 ex
1668 4516 1747 4581 Corp.

978 4581 1041 4631 iaec.
1059 4598 1100 4646 pr.
1119 4597 1144 4630 n.
1159 4583 1223 4632 osta
1240 4597 1292 4632 oon
1310 4580 1459 4630 absimilem
1478 4579 1686 4644 inscriptionem,
1701 4583 1747 4632 sed

977 4647 1060 4696 multo
1079 4647 1263 4708 recentiorem,
1283 4654 1413 4711 repertam
1429 4663 1487 4696 esse
1504 4647 1531 4696 in
1551 4648 1702 4708 Germania,
1720 4648 1748 4698 in

977 4713 1127 4764 caemeteria
1137 4713 1213 4779 juxta
1222 4713 1487 4778 aschaffenburgum,
1496 4729 1554 4777 quas
1564 4713 1601 4762 ita
1611 4725 1657 4763 est.
1664 4730 1746 4780 neque

976 4779 998 4830 si
1016 4779 1133 4845 linguam
1145 4797 1229 4846 neque
1242 4780 1266 4830 si
1278 4788 1389 4831 metrum
1401 4788 1513 4844 spectes,
1528 4779 1691 4844 probabilis:

1008 4882 1098 4938 Σωθιλς
1111 4884 1140 4932 έκ
1150 4884 1246 4935 πολλῶν
1259 4882 1301 4932 καλ
1313 4883 1459 4948 ἀμετρήτων
1474 4883 1538 4944 μάλα
1554 4881 1662 4948 μόχθων,

1007 4951 1140 5014 εὐξάμενος
1154 4950 1262 5008 ἀνέθηκα
1274 4951 1359 5000 Γενίου
1374 4949 1459 5000 εἰκόνα
1470 4949 1572 5013 σεμνὴν.

974 5050 1081 5100 Confert
1088 5058 1113 5100 et
1122 5051 1217 5109 Lebaia,
1226 5050 1332 5100 Aulioi.
1344 5049 1397 5101 Pal.
1405 5065 1462 5108 xro,
1472 5053 1511 5100 13.
1520 5049 1604 5114 epigr.
1616 5050 1745 5114 quodsus·

975 5116 1077 5181 picatur
1091 5116 1250 5182 exscriptum
1264 5117 1345 5168 luisse
1359 5117 1481 5178 Athenis,
1500 5115 1528 5166 in
1546 5115 1603 5166 basi
1621 5125 1747 5167 exornata

973 5183 1083 5234 donario
1092 5183 1196 5234 Palladi
1205 5183 1575 5240 Tritonididedicato.Lebas,
1586 5181 1745 5248 strumas.

1005 5315 1122 5366 LXXXI.
1137 5317 1233 5382 Ephesi
1251 5315 1279 5368 in
1297 5316 1433 5369 suburbio.
1446 5318 1472 5368 J.
1487 5317 1518 5367 T.
1532 5315 1629 5366 Wood.
1639 5315 1745 5370 Discott.
