4034 6018
725 429 982 490 ANTHOLOGIAE
1002 428 1152 488 GltAECAE
1171 425 1396 486 APPENDlClS

581 565 629 622 et.
645 571 741 621 suno.
1387 563 1430 618 ol.
1450 571 1549 614 curun.

392 679 457 744 Πρὸς
470 678 512 726 τὸν
526 677 701 743 οχολιογράφαν
716 677 739 725 ot
751 675 840 739 στίχοι,
855 673 915 729 ξένε.
1126 672 1256 722 Adversus
1271 668 1593 731 scholiorum-scriptorem
1607 669 1667 716 artat
1681 681 1784 724 rersur,

1410 745 1514 808 have&
1665 783 1704 854 [ta
1718 779 1856 836 audacia!

275 873 310 935 α’.
328 861 402 939 ύτίε
416 869 547 952 ύόρίζειες
558 873 604 932 τάν
619 873 694 939 τίνοι
710 865 794 945 tutat
809 865 938 946 θράσουες
1086 869 1107 924 l.
1123 868 1190 938 Quis
1207 877 1237 926 tu
1251 867 1480 926 contumeliosus?
1492 867 1523 923 ln
1537 867 1636 940 quern?
1652 868 1745 940 papae!
1763 886 1858 940 quan-

314 967 328 1019 ό
346 960 416 1040 μηδέ
431 964 478 1017 καί
494 965 544 1036 μῦς
556 961 602 1014 τόν
616 958 714 1014 λίοντα
727 957 794 1034 πρὸς
809 959 902 1032 μάχην
1122 957 1169 1012 Illa
1182 975 1269 1030 neque
1283 957 1325 1013 rel
1340 975 1400 1012 mus
1413 956 1517 1012 leonem
1532 955 1639 1012 lucessit
1653 955 1688 1010 ad
1700 971 1828 1028 pugnam

313 1057 365 1108 τῶν
380 1053 530 1126 αἱρετικῶν,
546 1051 595 1116 τῆς
607 1030 703 1124 Ᾰρείου
718 1043 747 1100 δέ
760 1042 854 1114 πλέον,
1122 1044 1319 1109 hereticorum,
1335 1045 1396 1118 plus
1411 1060 1491 1116 quam
1505 1041 1562 1097 urii
1576 1049 1648 1097 sactu

314 1143 421 1208 καὶτῆς
434 1135 564 1192 Γαλατῶν
579 1135 716 1190 Φωτεινοῦ
731 1133 778 1187 καί
791 1127 965 1208 Μαρκέλλου.
1122 1137 1249 1206 sectaque
1263 1131 1398 1190 Celtarum
1413 1129 1521 1186 Photini
1537 1136 1565 1186 ot
1579 1128 1709 1186 Marcelli.

1089 1305 1122 1360 ll.
1139 1305 1254 1373 Videris,
1270 1306 1366 1370 amice,
1382 1304 1452 1361 scire
1467 1303 1586 1361 scrihere
1602 1303 1793 1368 contumelias,

1124 1392 1228 1450 utilium
1242 1400 1332 1452 autern
1346 1392 1414 1449 nihil
1429 1392 1538 1450 omnino
1553 1391 1632 1447 scire.

1124 1480 1251 1538 Profecto
1266 1481 1336 1538 anim
1348 1477 1472 1536 novisses
1486 1476 1597 1534 Eusebii
1610 1477 1727 1542 labores,

1123 1574 1151 1623 et
1165 1568 1312 1624 certamina
1325 1585 1385 1641 quar
1400 1566 1427 1623 in
1440 1565 1561 1623 Gentiles
1574 1565 1713 1630 sustinuit,

1124 1676 1217 1717 eorum
1232 1656 1375 1730 opiniones
1392 1655 1518 1726 ingentes
1537 1669 1598 1708 esse
1616 1669 1705 1724 nugas
1720 1651 1857 1708 demons-

1123 1744 1257 1821 quomodo
1270 1744 1424 1800 iudeorum
1439 1740 1549 1814 impium
1565 1757 1684 1796 errorem
1737 1742 1829 1812 [trans
1848 1757 1856 1793 :

1124 1833 1280 1892 exitialibus
1293 1831 1443 1904 triumphet
1454 1828 1634 1893 orationibus,

1126 1931 1275 1997 martyrum
1286 1918 1421 1995 quomodo
1435 1919 1583 1974 certamina
1595 1915 1760 1988 magnificet,

278 1313 312 1388 β’,
330 1299 439 1382 fiotum,
456 1308 477 1366 ὦ
492 1311 561 1374 ’τάν,
576 1307 676 1364 εἰδέναι
688 1309 800 1384 γράφειν
815 1300 914 1382 ύόρεις,

312 1399 460 1486 λυσιτελῶν
475 1396 505 1453 δά
523 1394 660 1473 μηδαμῶς
673 1391 810 1450 διιιδίναι.

315 1490 335 1543 Η
350 1489 403 1564 γὰρ
417 1485 449 1540 ἂν
463 1483 539 1562 ᾕδεις
553 1480 683 1540 Εὐσεόίου
694 1484 758 1546 τοὺς
769 1483 869 1542 πόνους

315 1578 435 1640 καὶτοὺς
449 1577 565 1648 ἀγῶνας,
582 1573 628 1636 οὓς
641 1569 702 1626 καθ’
720 1555 849 1637 ύλλήνων
865 1563 930 1634 ίτλη

252 1680 266 1727 5
316 1663 449 1740 φλυαρίαν
463 1663 498 1716 τὰ
510 1657 594 1716 τῶνδε
611 1659 717 1736 μακράν
733 1654 870 1712 δεικνύων·

315 1753 387 1814 ὅπως
402 1735 530 1805 ίοοδαίων
544 1766 572 1802 τε
588 1740 705 1814 δυσσεόῆ
720 1743 828 1813 πλάνην

316 1841 493 1916 ἀναιρετικοῖς
507 1830 697 1912 ῖκθριαμύεύει
710 1830 815 1908 λόγοις,

314 1932 366 1982 τῶν
383 1931 524 2004 μαρτύρων
537 1927 643 1999 ἀγῶνας
656 1924 691 1984 ὡς
707 1917 864 1997 μεγαλύνει,

1124 2099 1258 2174 quomodo
1273 2097 1300 2153 in
1316 2095 1470 2152 universum
1485 2092 1558 2150 utilis
1577 2092 1612 2147 sit
1627 2091 1661 2146 ad
1675 2091 1725 2147 Dei
1739 2091 1854 2148 cultum.

1125 2185 1276 2262 Oportebat
1289 2191 1316 2242 te
1331 2185 1389 2240 hac
1403 2183 1532 2238 scientem
1547 2188 1574 2236 et
1587 2179 1664 2254 plura

1124 2294 1178 2333 non
1190 2271 1419 2347 verba-aucupari
1432 2269 1580 2326 secuudum
1595 2267 1705 2324 ludaeos
1717 2283 1805 2338 reque,

1124 2381 1212 2437 neque
1223 2360 1418 2432 intelligentem
1432 2355 1574 2412 verborum
1589 2370 1708 2417 sensum,

1125 2448 1255 2508 orationis
1265 2449 1292 2504 in
1303 2451 1407 2504 tantum
1417 2443 1503 2499 virum
1514 2441 1652 2498 effundere
1663 2439 1852 2496 contumelias.

239 2108 266 2154 lt
315 2105 382 2190 τρεῖς
395 2107 448 2157 πάν
463 2101 535 2164 όπως
545 2102 683 2176 χρήσιμος
697 2097 733 2159 τίς
746 2095 816 2151 Θεοῦ
832 2089 921 2156 σίόας.

316 2190 380 2246 Εδει
393 2210 422 2245 σε
435 2193 522 2244 ταῦτα
535 2189 719 2264 γιγνώσκοντα
732 2185 779 2238 καὶ
791 2180 867 2237 πλέω

318 2280 356 2354 μὴ
372 2274 524 2352 λεξιθηριῖν
537 2275 597 2330 κατ’
613 2259 837 2334 Ῐουδαίουςῖσως,

316 2368 364 2420 καί
379 2367 417 2442 μὴ
430 2368 546 2420 νοοῦντα
557 2363 603 2418 τόν
616 2365 678 2416 νόον
690 2363 743 2414 τῶν
757 2353 868 2424 λέξεων,

317 2451 405 2532 ύύρεις
416 2455 546 2530 καταχεῖν
558 2453 606 2506 τοῦ
621 2451 751 2504 τοσούτου
764 2447 809 2500 τόν
820 2443 915 2520 λόγον.

1360 2604 1404 2657 όὸ.
1425 2597 1580 2656 INCERTl.

1187 2713 1216 2762 ln
1231 2709 1345 2775 quinque
1357 2721 1433 2757 rcces
1447 2712 1474 2755 et
1487 2705 1576 2755 decem
1591 2699 1750 2766 categorias.

546 2609 595 2667 65.
616 2603 766 2662 lantolt.

402 2722 444 2777 Είς
455 2721 498 2777 τὰς
509 2721 521 2769 ι’
533 2721 615 2783 φανάς
627 2719 723 2772 καὶτὰς
738 2718 745 2766 ί
759 2715 916 2778 κατηγορίας.

1124 2842 1207 2910 AEgra
1221 2834 1330 2892 evitatis
1342 2832 1527 2906 sophistarum
1541 2827 1644 2893 litibus,

1124 2925 1316 3000 sapientesque
1329 2919 1418 2992 msgis
1432 2933 1582 2991 aggressus
1595 2921 1625 2969 ut
1639 2912 1824 2978 humaniores,

1124 3013 1237 3070 vocibus
1250 3009 1377 3084 impletus
1390 3023 1450 3063 sum
1464 3011 1492 3061 et
1505 3001 1722 3078 predicamentis
1737 3017 1744 3056 :

1125 3125 1139 3153 u
1154 3118 1209 3157 non
1224 3106 1275 3163 est,
1291 3105 1343 3162 est,
1358 3094 1393 3153 ad
1408 3091 1483 3166 quid,
1499 3090 1589 3164 quale,
1603 3089 1659 3153 ubi,
1674 3088 1794 3161 quando,

1127 3211 1140 3238 ο
1157 3185 1306 3261 patiuntur,
1322 3188 1418 3256 agunt,
1435 3201 1450 3230 »
1465 3187 1496 3234 ut
1507 3177 1610 3241 volunt,
1626 3181 1765 3232 sexcenta.

1125 3279 1263 3348 Torquent
1275 3270 1376 3336 omnia,
1389 3266 1557 3325 confundunt
1570 3269 1692 3328 naturas,

1126 3373 1266 3436 tamquam
1281 3377 1316 3417 ex
1334 3356 1447 3432 seipsis
1462 3355 1571 3428 tingunt
1587 3349 1763 3424 tragelaphos
1781 3352 1810 3422 (ι’.
1829 3368 1853 3407 a.

1668 3435 1853 3511 [hircocervus

1126 3540 1218 3598 caelum
1231 3546 1340 3599 terram,
1355 3534 1457 3605 liguum
1473 3530 1566 3586 dicunt
1579 3527 1706 3601 lapidem,

317 2840 403 2905 Μόλις
416 2839 529 2919 διαδράς
542 2843 595 2896 τῶν
609 2839 741 2917 σοφιστῶν
756 2838 803 2899 τάς
818 2833 902 2902 δίκας,

317 2933 409 3006 σοφοῖς
421 2927 451 2984 δέ
468 2925 574 3005 μάλλον
588 2923 749 3005 προσόκλῶν
765 2927 799 2986 ὡς
811 2924 936 3000 ἡμέροις,

232 3009 235 3017 ’
317 3021 411 3096 φωνῶν
427 3013 567 3087 ἐπλήσδην
581 3017 628 3070 καὶ
639 3015 888 3088 κατηγορημάτων·

320 3129 335 3160 α
350 3107 401 3162 οὐκ
414 3106 494 3177 loris,
511 3105 577 3173 ἔστι,
592 3107 659 3181 πρός
671 3121 707 3166 τι,
724 3105 814 3166 ποιόν,
830 3101 894 3163 πού,
911 3101 976 3153 πότε

319 3217 335 3248 u
348 3196 494 3271 πάσχουσι,
511 3190 608 3269 δρῶσιν
624 3209 653 3244 κ·
671 3191 706 3253 ὡς
719 3186 837 3251 θέλουσι,
857 3188 949 3263 μυρία.

317 3285 465 3360 Στρέφουσι
476 3284 575 3345 πάντα,
592 3281 738 3356 συγχίουσι
748 3278 795 3338 τάς
808 3279 907 3352 φύσεις,

317 3373 352 3436 ὡς
366 3367 394 3436 ἐξ
408 3371 509 3425 ἑαυτῶν
523 3366 673 3424 πλάττουσι
686 3362 883 3442 τραγελάφους,

315 3462 362 3515 τόν
377 3459 491 3536 οὐρανόν
505 3461 570 3534 γῆν,
587 3457 618 3511 τό
633 3452 715 3520 ξύλον
731 3455 797 3530 φασὶ
808 3449 896 3516 λίθον,

317 3548 387 3618 ύλην
403 3549 528 3624 ἄμορφον
545 3542 615 3608 είδος
629 3541 699 3612 ύλην
714 3543 765 3597 oria
779 3541 854 3618 ἔχον,

316 3642 436 3712 κόσμους
451 3637 577 3712 ἀπείρους
589 3631 663 3696 ἰδέας
676 3649 697 3689 π
715 3631 729 3686 ri
743 3632 795 3685 τῶν
810 3627 892 3685 όλων.

317 3723 351 3780 Ol
363 3727 413 3792 τῆς
426 3723 511 3784 Στοᾶς
527 3718 676 3795 βάλλουσιν
691 3649 785 3787 dachar
791 3718 865 3791 μίαν,

317 3813 461 3888 Πύρρωνας
475 3806 559 3878 οὗτοι,
576 3810 678 3870 πάντας
692 3807 706 3862 ό
720 3804 904 3880 Σταγειρίτης,

317 3898 400 3954 ἄλλοι
414 3895 443 3953 δὲ
455 3901 550 3952 τοῦτον
566 3897 689 3958 Φοίνικές
702 3913 729 3949 τε
744 3895 791 3948 καί
805 3893 897 3967 Σύροι.

1126 3627 1265 3686 materiam
1275 3625 1416 3681 intormem
1426 3636 1514 3692 genus
1522 3617 1662 3673 materiam
1672 3631 1726 3671 nou
1735 3612 1851 3676 habens,

1126 3716 1240 3782 mundos
1250 3712 1370 3770 infinitos
1382 3709 1459 3765 ideas
1472 3715 1534 3764 ante
1549 3705 1649 3762 omnia.

1124 3803 1210 3862 Stoici
1222 3802 1333 3876 ejiciunt
1345 3797 1520 3856 Academiam

1126 3893 1284 3966 Pyrrhonas
1298 3889 1354 3954 isti,
1370 3904 1464 3944 omues
1477 3882 1619 3956 Stagirita,

1125 3980 1171 4038 alii
1182 3987 1273 4037 autem
1287 3979 1359 4034 hunc
1373 3973 1571 4044 Phoenicesque
1583 3977 1611 4026 et
1624 3967 1700 4041 Syri.

1126 4071 1192 4140 Qus
1205 4085 1281 4124 mens
1294 4073 1385 4122 tantm
1400 4059 1587 4118 contentiones
1597 4061 1747 4131 percurrat.
1790 4052 1851 4122 [las.

1125 4163 1222 4231 gentes
1235 4163 1291 4212 tam
1304 4153 1404 4208 multas
1419 4157 1447 4206 et
1461 4147 1610 4222 phalanges
1623 4140 1853 4216 vixexpugnahi-

1125 4259 1238 4300 noscere
1250 4255 1374 4314 quarens
1386 4235 1506 4292 occultas
1518 4228 1804 4289 rerum-universitatis
1815 4227 1852 4283 al·

1693 4314 1854 4388 [titudiues‘l

1127 4425 1207 4492 atque
1222 4415 1281 4471 hac
1293 4411 1434 4469 declarans
1447 4407 1545 4480 aliquis
1560 4405 1655 4461 hahuit
1665 4410 1782 4459 mentem
1797 4409 1854 4456 sta·

1632 4491 1690 4563 [tim
1702 4490 1852 4546 confusam.

1127 4595 1215 4652 Unum
1225 4585 1410 4662 intelligentis
1420 4585 1520 4648 lumen,
1533 4579 1649 4644 Christe,
1660 4595 1735 4643 meu,
1749 4575 1854 4633 tumihi

1787 4663 1856 4736 [sola

1126 4762 1348 4838 intelligendi-vis
1368 4759 1498 4835 perlecta,
1519 4754 1566 4828 qui
1584 4752 1673 4826 magis
1691 4751 1761 4910 εοῖτρ
1780 4749 1855 4805 solus

1760 4843 1851 4910 potes3

1127 4944 1164 4999 Te
1179 4941 1304 5014 opificem
1318 4936 1438 4994 omnium
1452 4933 1599 5005 qua-sunt,
1610 4925 1855 5000 temporumloco-

1771 5012 1854 5083 [rum,

1128 5103 1856 5189 qui—dici-non-potesquum-capi-naqueas,unumque

1129 5205 1175 5277 qui
1190 5201 1306 5260 emisisti
1318 5198 1418 5262 omnia,
1434 5196 1485 5251 hoc
1500 5201 1527 5250 et
1542 5208 1624 5249 unum
1639 5190 1709 5246 dico.
1738 5189 1778 5261 [et
1790 5185 1854 5248 tria,

316 4077 360 4138 Τίς
375 4079 437 4137 νοῦς
449 4075 582 4136 τοσαύτας
594 4071 727 4132 ἐνστάσεις
739 4065 899 4144 διαδράμοι,

318 4162 380 4233 ἔθνη
394 4165 515 4217 τοσαῦτα
527 4162 574 4214 καί
588 4156 731 4236 φάλαγγας
745 4153 913 4231 δυσμάχους,

317 4255 417 4326 γνῶναι
430 4251 465 4304 τά
476 4249 580 4304 κρυπτά
594 4249 646 4301 τῶν
661 4244 733 4300 όλιυν
748 4240 837 4314 ζητῶν
854 4239 942 4316 βάδη;

317 4340 364 4393 καί
374 4340 408 4392 τὰ
422 4340 514 4412 ταφῶν
526 4355 565 4400 τις
579 4336 640 4411 έσχι
656 4333 762 4411 φορμόν
778 4332 885 4386 αὐτίκα.

318 4588 353 4658 liv
364 4603 487 4678 γνώσεως
500 4602 565 4676 φῶς,
579 4598 685 4676 Χριστέ,
704 4615 767 4674 μου,
782 4599 814 4650 σύ
831 4613 879 4670 μοι
894 4595 974 4669 μόνος

316 4694 412 4766 γνῶσις
423 4687 524 4758 τελεία,
543 4684 649 4762 μᾶλλον
665 4682 765 4744 εἰδέναι
780 4685 873 4759 μόνον·

238 4787 267 4832 2⁰
318 4781 352 4833 Σέ
367 4776 535 4854 δημιουργόν
550 4775 659 4844 οὐσιῶν,
674 4776 793 4850 χρόνων,
807 4774 907 4840 τόπων,

319 4869 437 4943 οῖρρητον
451 4867 486 4927 ὡς
500 4861 635 4932 όῖληπτον,
651 4861 678 4915 ’ἐν
692 4881 720 4915 τε
735 4862 781 4915 καὶ
793 4861 865 4936 τρία,

319 4955 394 5029 ἀφείς
408 4953 441 5006 τά
455 4953 553 5014 πάντα,
569 4951 650 5004 τοῦτο
665 4949 712 5002 καί
728 4950 809 5023 μόνον
823 4943 906 5020 λέγω.

314 2021 366 2070 τῶν
382 2016 521 2091 alprandi
537 2015 571 2075 ὡς
584 2012 689 2088 ἀναιρεῖ
700 2009 731 2063 rt
746 2009 846 2084 στέφος,
1124 2011 1318 2070 hereticorum
1331 2005 1466 2082 quomodo
1481 2004 1558 2061 tollat
1571 2005 1690 2076 agmina,

981 3141 987 3168 ι
