4116 6022
487 425 612 486 aanor
634 425 685 484 ιν.
709 419 1010 485 nnnorirnronrn
1033 423 1082 483 nr
1105 397 1420 493 sunpnrcnnurnn.

133 573 147 618 5
203 562 322 636 πήγνυσι
335 561 383 614 καί
395 558 441 614 τθν
457 554 529 614 οἶνον
542 558 569 612 ἔν
583 577 638 612 τισι
651 562 754 627 τύποις,

202 652 265 712 τοὺς
277 647 301 703 τ’
318 649 451 725 ἀμφορεῖς
465 648 594 725 ῥήγνυσιν
610 649 640 702 ix
653 651 703 716 τῆς
717 641 833 722 ψύξεως.

203 723 225 794 (λ
241 735 266 793 δ’
282 733 366 806 οίκος,
383 734 448 790 ἔνθα
461 739 508 790 νύν
523 740 699 807 κατασκηνῶ,
716 732 799 790 πάλιν

203 828 350 903 ἀγάννιφύς
362 843 391 879 τε
403 825 451 879 καί
461 823 524 880 λίαν
539 820 728 902 δυσχείμερος.

204 899 225 972 ί)
242 915 378 992 θρασκίας
394 910 423 968 δὲ
439 909 537 991 δριμύς
551 914 606 969 ίστι
619 915 667 968 καί
680 915 785 989 πικρός,

204 999 276 1075 ὀξύς,
294 999 408 1072 δυσαής,
425 1004 560 1080 ταρτάρου
574 1003 659 1065 πνοάς
674 1002 755 1078 ἔχων·

204 1093 286 1169 θγδρ
301 1091 386 1154 Νότος
398 1087 526 1145 λίλοιπεν
539 1090 622 1166 ἡμῶν
636 1093 667 1145 τό
682 1089 781 1165 κλίμα.

205 1181 266 1244 Πῶς
278 1175 327 1235 οὗν
339 1181 477 1234 τοσούτων
491 1177 673 1256 ψυχροτάτων
688 1180 714 1233 ἐν
732 1180 804 1254 μέσῳ

205 1271 275 1346 ὀρῶν
292 1287 326 1344 με
339 1264 505 1345 συσχεθέντα
517 1267 565 1322 τδν
578 1265 758 1336 ταλάντατον,

205 1355 278 1435 ὕδωρ
295 1353 415 1419 κελεύεις
428 1354 637 1434 προσφέρεσθαι,
653 1353 782 1432 φίλτατε;

207 1449 239 1501 Εί
249 1448 302 1522 γάρ
320 1464 353 1520 με
367 1445 473 1521 πείσῃς,
489 1443 509 1512 ἢ
523 1445 592 1521 χιὼν
605 1447 761 1520 γενήσομαι

205 1536 224 1604 ἢ
240 1536 287 1589 καί
299 1529 423 1611 χάλαζα·
440 1535 487 1588 καί
502 1531 589 1588 θανὼν
601 1530 790 1594 νεκυοστόλοις

209 1623 347 1701 ἄψαυστος
362 1623 398 1686 ὡς
410 1621 580 1700 κρύσταλλος
595 1621 630 1678 ὢν
646 1624 818 1699 φανήσομαι,

207 1717 243 1789 τῇ
257 1715 293 1787 σῇ
307 1708 443 1775 πεποιθὼς
456 1709 576 1786 ψυκτικῇ
591 1712 759 1787 παραινέσει.

207 1785 313 1856 Ᾰπιλθε
326 1801 416 1854 τοίνυν
429 1801 466 1863 τῖς
479 1803 579 1861 τόσους
592 1802 642 1868 τῆς
656 1783 753 1862 ίνδίας,

123 1907 137 1952 2
209 1891 245 1954 εἷς
258 1887 282 1946 τ’
296 1875 482 1968 Ᾰγησύμθων,
500 1888 537 1952 είς
549 1907 577 1942 τε
593 1886 748 1963 Βλεμμύων
763 1884 866 1950 πόλεις,

209 1980 278 2035 dano
291 1977 418 2056 λίγουσιν
432 1975 574 2054 ἀμπίλους
590 1977 629 2052 μὴ
646 1971 816 2031 θλαστοίνειν·

210 2070 295 2124 ἐκεῖσε
310 2063 399 2133 δεῖξον
414 2067 466 2136 σὴν
481 2067 619 2142 ἰατρικὴν,
636 2066 713 2141 σοφά.

210 2141 279 2232 tipo
291 2159 344 2234 γάρ
359 2156 411 2211 ούκ
424 2155 509 2210 ίνεστι
521 2154 602 2231 χρεία
615 2155 664 2223 σῆς
677 2155 785 2229 τέχνης,

210 2247 233 2300 εί
247 2241 298 2315 ζῆν
313 2242 441 2320 θέλοιμεν
456 2244 504 2298 καί
514 2243 561 2298 τάν
575 2240 656 2312 ἥλιον
675 2239 795 2317 βλέπειν,

407 2397 457 2455 78.
475 2391 694 2450 ΑΔΕΣΠΟΤΟΝ.

209 2516 287 2607 Εμοῦ
303 2528 431 2593 θανόντος
444 2529 491 2584 καὶ
505 2528 634 2603 γυναικὸς
647 2529 695 2582 καί
706 2528 805 2581 τίκνων

209 2621 238 2683 oc
251 2619 282 2674 ἂν
299 2613 401 2683 ἀνοίξει
414 2613 519 2693 τύμῖον
532 2615 552 2685 ἢ
572 2612 675 2690 βλάψει
687 2617 784 2692 τάφον,

207 2711 297 2764 πόνων
312 2708 408 2784 ἀώρων
421 2707 593 2783 περιπίσοιτο
607 2707 770 2804 συμφοραῖς.

473 2854 522 2912 79.
539 2862 635 2912 nuno

279 2970 319 3025 Εῖς
332 2969 486 3036 στρατιώτην
501 2971 549 3018 bah
564 2967 636 3024 τόξου
651 2966 817 3033 ἀναιρεθέντα.

1017 563 1092 636 cogit
1106 573 1135 622 et
1146 566 1238 624 vinum
1250 569 1278 626 iu
1292 570 1457 644 quibusdam
1473 571 1550 640 locis,

1018 653 1219 728 amphorasquc
1233 659 1336 730 frangit
1350 677 1385 716 ex
1399 660 1619 734 refrigeratione.

1018 739 1121 798 Domus
1136 751 1237 809 autem.
1254 744 1301 802 ubi
1314 764 1386 804 nuno
1401 749 1506 818 habito,
1521 769 1628 808 rursurn

1019 828 1260 906 valde-nivosaque
1268 841 1311 893 est
1326 843 1353 893 et
1363 837 1508 896 admodum
1517 841 1747 914 hiberno-frigora

1019 914 1165 974 Thraecias
1181 937 1244 978 acer
1255 927 1297 978 est
1310 929 1338 980 ct
1352 925 1479 996 acerbus,
1596 929 1746 1004 [infestata.

1019 1009 1744 1086 acutus,graviterspirans,tartareosllatushahens:

1020 1093 1108 1151 Notus
1122 1095 1193 1153 enim
1208 1097 1318 1174 reliquit
1331 1109 1454 1160 nostram
1467 1105 1619 1180 regionem.

1019 1179 1159 1248 Quomodo
1172 1184 1258 1258 igitur
1271 1193 1410 1247 tantorum
1425 1189 1559 1265 frigorum
1574 1193 1601 1250 in
1616 1196 1705 1253 medio

1019 1267 1116 1326 videns
1127 1287 1171 1328 ms
1184 1273 1334 1332 cohibitum
1347 1276 1540 1350 miserrimum,

1021 1374 1123 1430 aquam
1133 1359 1216 1432 jubes
1230 1363 1332 1434 afferri,
1348 1364 1531 1425 amicissime?

1021 1443 1050 1500 Si
1065 1445 1137 1502 enim
1149 1463 1193 1506 ms
1207 1452 1388 1523 persuaseris,
1404 1462 1452 1512 aut
1465 1456 1513 1512 nix
1527 1457 1591 1514 liam

1022 1533 1163 1592 autetiam
1176 1539 1298 1610 grando;
1314 1545 1343 1597 at
1356 1551 1481 1600 mortuus
1496 1545 1704 1618 pollinctoribus

1022 1639 1077 1678 uon
1092 1627 1246 1699 tangendus
1259 1634 1289 1684 ut
1300 1629 1445 1703 crystallus
1459 1631 1583 1703 videbor,

1023 1717 1076 1768 tum
1090 1711 1178 1770 fidens
1192 1714 1342 1788 frigidariae
1354 1717 1549 1782 adhortationi.

1022 1797 1075 1854 Abi
1088 1799 1175 1873 igitur
1187 1800 1332 1860 intractus
1347 1805 1466 1874 Indicos,

1023 1885 1106 1960 inqua
1117 1889 1348 1963 ligesymborum‚
1358 1892 1750 1972 inqueBlcmmyarumurbes‚

1023 1974 1070 2030 uhi
1085 1974 1181 2034 dicunt
1193 1995 1248 2034 non
1261 1996 1384 2038 cresccre
1396 1983 1486 2041 nites:

1024 2061 1079 2120 illic
1091 2063 1206 2122 ostende
1222 2072 1297 2122 tuam
1310 2068 1483 2138 medicinam,
1499 2074 1620 2147 sapiens.

1024 2149 1110 2208 Nobis
1124 2150 1196 2209 anim
1210 2170 1265 2210 non
1279 2153 1352 2213 inest
1365 2172 1436 2229 opus
1451 2167 1498 2216 tua
1511 2168 1581 2229 arte,

1024 2235 1048 2295 si
1061 2237 1153 2297 virere
1167 2241 1292 2299 volumus
1306 2250 1335 2301 et
1349 2245 1434 2302 solem
1451 2247 1555 2308 uidere.

1252 2395 1298 2448 78.
1318 2393 1490 2452 ANONYlll.

1024 2519 1079 2575 Mol
1093 2520 1193 2578 mortui
1206 2528 1234 2579 et
1248 2523 1342 2580 uxoris
1357 2531 1385 2582 ot
1397 2525 1541 2585 liberorum

1023 2607 1070 2679 qui
1084 2608 1189 2680 aperiet
1202 2611 1335 2668 tumulum
1350 2621 1398 2670 aut
1411 2614 1524 2673 violabit
1534 2619 1699 2692 sepulcrum,

1025 2713 1205 2753 arumnorum
1220 2698 1383 2758 deformium
1396 2701 1498 2760 incidat
1513 2705 1540 2760 in
1555 2723 1646 2764 casus.

1288 2853 1332 2906 79.
1353 2861 1450 2905 struo.

1165 2958 1193 3007 ln
1209 2957 1321 3008 militem
1333 2959 1385 3011 telo
1400 2961 1575 3015 interfectum.

169 3089 227 3146 οὐχ
241 3088 343 3165 ἀγαθὸς
361 3091 409 3166 μὲν
429 3087 532 3167 ἔπεφν’,
552 3087 656 3166 ἀγαθάν
675 3084 705 3143 bt
720 3088 768 3143 τιν’
785 3081 934 3164 ἐξενάριξεν
988 3081 1048 3137 Non
1063 3081 1152 3139 bonus
1166 3083 1275 3157 quidem
1291 3085 1400 3156 occidit,
1416 3085 1517 3146 bonum
1531 3108 1596 3150 vero
1611 3098 1753 3168 quemdam

177 3253 183 3262 .
209 3180 371 3255 ἀγχέμαχον
386 3175 599 3322 τάνδεγιιίρακα
615 3173 798 3254 μακρούύλος.

168 3267 206 3330 Ως
220 3264 314 3330 ἀδικος
327 3264 454 3338 τελέθεις,
493 3285 547 3344 ρες·
564 3266 594 3330 dc
605 3265 632 3342 γ’
648 3267 675 3319 ίν
692 3266 778 3340 ίαυτῷ
797 3267 895 3342 κάρτος

207 3358 354 3433 κρείττοσιν
370 3356 402 3411 οὐ
417 3358 556 3433 παρέχεις,
573 3357 630 3419 πῶς
645 3354 745 3432 ἑτέροις
759 3351 892 3422 δικάσεις;

472 3755 521 3814 80.
537 3763 634 3812 enno.

168 3871 205 3949 ίλς
220 3883 323 3961 άγαθδν
337 3882 435 3963 σταδίῃ
450 3884 540 3942 πλατὺ
552 3889 700 3964 φάσγανον,
714 3887 742 3976 iv
754 3884 783 3941 δί
795 3907 826 3962 γε
836 3889 920 3964 τείχει

207 3970 285 4039 τόξον
300 3975 344 4030 ἀεὶ
356 3977 473 4052 κρατέει·
489 3973 563 4030 τοῦτ’
580 3971 694 4045 ἐύύησεν
708 3977 792 4053 Λρης.

468 4127 517 4184 81.
534 4133 630 4184 λάλο.

207 4259 319 4331 Πολλὴν
335 4258 456 4331 ἐπῆλθον
470 4263 520 4331 τῆς
532 4263 608 4316 κάτω
621 4259 731 4338 χθονὸς,
748 4261 831 4338 Δόγε,

207 4345 290 4420 δόξης
304 4348 425 4420 ἀνῆλθον
440 4345 517 4426 δεξιᾷ
531 4355 566 4427 σῇ
582 4351 648 4428 πρδς
664 4353 745 4426 μίγα·

207 4437 270 4494 ἀλλ’
286 4439 318 4494 οὐ
332 4435 477 4516 παρῆλθον
491 4439 537 4492 τδν
552 4441 686 4516 τρίπηχυν
700 4442 747 4494 νῦν
761 4437 850 4494 λίθον·

206 4525 270 4582 ἀλλΙ
284 4528 330 4591 οθς
344 4528 457 4604 ἐφεῦρον
473 4528 500 4582 ἐν
517 4525 567 4603 βίῳ
583 4529 638 4603 φῶς
652 4529 700 4582 τοῦ
719 4525 791 4602 βίου,

137 4656 148 4670 .
205 4617 236 4670 τά
252 4619 307 4692 φῶς
318 4619 461 4684 τεκοῦσαν,
478 4618 533 4692 φῶς
547 4635 586 4686 σε,
603 4618 651 4670 τοῦ
668 4617 755 4692 φωτὸς
767 4620 843 4691 γόνε,

206 4703 314 4782 εὕροιμι
326 4705 405 4758 κάκεῖ
418 4707 473 4780 φῶς
486 4723 514 4758 τε
529 4705 576 4758 καὶ
588 4701 667 4759 λύσιν
683 4707 783 4761 πόνων.

469 4855 517 4913 tlt.
535 4864 630 4912 asso.

209 4981 334 5047 ίίύλπους
349 4984 468 5055 ἐπῆλθον
484 4989 531 5042 καὶ
544 4991 644 5051 τόπους
654 4992 706 5064 γῆς
722 4991 844 5066 μυρίους,

208 5070 320 5148 θρόνους
334 5070 459 5144 διῆλθον,
476 5077 591 5153 ἀρχικὰς
604 5071 738 5141 ἐξουσίας.

210 5158 271 5214 ἀλλ’
288 5163 320 5216 ού
334 5160 478 5238 παρῆλθον
492 5165 539 5219 τὸν
551 5169 687 5242 τρίπηχυν
699 5169 745 5221 νῦν
759 5165 846 5222 λίθον·

209 5252 303 5326 κεῖμαι
317 5246 346 5305 dl
358 5251 452 5330 νεκρὸς
465 5255 517 5308 τῶν
531 5255 622 5308 κόπων
635 5259 818 5332 πεπαυμίνος,

1619 3182 1690 3240 inter
1718 3186 1741 3242 ci

1023 3259 1332 3332 cominus-pugnantem
1355 3261 1461 3320 huncce
1481 3183 1616 3338 juveneai
1634 3185 1755 3330 emidiusf

988 3435 1075 3504 Quam
1096 3435 1205 3510 iniquus
1229 3455 1269 3502 es,
1288 3403 1378 3494 Marsi
1402 3439 1449 3514 qui
1473 3443 1584 3516 quidem
1603 3359 1753 3524 inntedliplsso

1546 3534 1657 3607 [tabens
1670 3537 1755 3596 robur

1023 3611 1180 3670 melioribus
1191 3630 1245 3669 non
1256 3614 1373 3686 praebes,
1381 3617 1518 3688 quomodo
1524 3619 1661 3693 jus-dices
1674 3626 1755 3684 aliisi

1288 3767 1333 3820 80.
1353 3773 1452 3818 struo.

987 3897 1025 3954 Ut
1038 3895 1126 3952 bonus
1136 3896 1162 3951 in
1176 3897 1266 3952 stabili
1274 3914 1368 3969 pugno
1381 3897 1454 3955 latus
1466 3898 1549 3971 casis,
1561 3901 1587 3958 in
1597 3921 1674 3963 muro
1687 3925 1752 3966 sans

1022 3985 1106 4042 telum
1119 4002 1228 4059 semper
1242 3992 1355 4059 superat
1370 4002 1377 4042 :
1391 3987 1443 4044 hoc
1455 3987 1581 4047 clamarit
1596 3992 1716 4053 Mavors.

1288 4139 1331 4192 8t.
1351 4147 1450 4190 neruo.

988 4267 1102 4324 lllultum
1114 4266 1187 4323 obiri
1203 4266 1306 4323 telluris
1321 4265 1444 4334 inferum,
1460 4268 1592 4339 Verbum,

987 4355 1080 4429 glorie
1095 4353 1223 4411 adscendi
1236 4355 1335 4410 dextra
1348 4361 1396 4410 tua
1408 4354 1442 4410 ad
1457 4356 1689 4429 magnitudinem

987 4443 1102 4500 sednon
1117 4441 1234 4516 praeterii
1251 4439 1433 4498 tricubitalem
1446 4458 1518 4498 nunc
1529 4443 1647 4516 lapidem
1664 4462 1671 4501 :

987 4531 1036 4588 sed
1048 4547 1117 4605 quos
1130 4528 1220 4586 inveni
1235 4527 1263 4586 in
1277 4528 1409 4588 vitalitas
1422 4529 1521 4600 lucem,

986 4636 1046 4676 cum
1057 4637 1118 4693 qua
1131 4618 1218 4675 lucem
1229 4618 1347 4693 peperit,
1361 4618 1448 4674 lucem
1464 4625 1501 4689 te,
1515 4619 1584 4676 lucis
1598 4620 1646 4688 lili,

987 4712 1092 4766 atinam
1115 4725 1163 4764 eos
1183 4707 1319 4763 inveniam
1339 4714 1368 4764 et
1387 4706 1440 4763 illic
1460 4707 1603 4784 lucemque
1620 4717 1647 4766 et
1672 4710 1751 4767 baem

1293 4863 1327 4916 82
1357 4869 1458 4913 MD.
1608 4799 1751 4871 [laborum.

986 4995 1069 5052 Sinus
1083 4993 1137 5050 adii
1153 5000 1181 5051 et
1194 4993 1269 5049 locos
1283 4998 1362 5050 terra
1375 4993 1542 5060 innumeros,

987 5085 1101 5140 thronos
1116 5081 1272 5156 pertransii.
1288 5081 1380 5155 regias
1395 5089 1557 5155 potestates.

988 5172 1037 5228 sed
1051 5187 1103 5226 nou
1119 5169 1238 5244 preterii
1250 5168 1431 5226 tricubitalem
1447 5187 1517 5225 nunc
1533 5169 1670 5244 lapidem:

984 5263 1063 5335 jaceo
1077 5267 1167 5315 autom
1180 5265 1303 5315 mortuus
1318 5275 1334 5313 a
1348 5257 1489 5314 laboribus
1504 5258 1626 5331 quietus,
