4034 6018
706 413 746 472 IN
768 413 893 473 CAPUT
914 413 954 470 l'l
976 411 1207 474 ANNOTATIO.

209 543 273 594 CVI.
294 544 402 595 Suetou.
421 543 449 595 in
473 544 584 604 Nerone,
604 545 730 594 XXXIX:
748 545 832 596 Multa
847 559 932 610 graece

174 609 306 674 latineque
318 610 355 674 (in
370 612 438 674 eum)
454 610 600 676 proscripta
612 619 658 660 aut
673 611 779 674 vulgata
790 617 849 660 sunt
866 609 933 658 sicut

174 673 242 724 ills:
264 678 349 741 Νέρων
375 680 428 726 κτλ.
452 678 517 726 Item
533 690 577 740 up.
599 675 676 727 Dion.
701 679 774 726 Cass.
794 676 861 731 LXI.
878 677 930 725 δότ

173 735 258 800 Καὶῆν
275 744 317 802 ptr
332 745 373 791 καὶ
389 741 564 803 ἀναγινώσκειν
580 743 709 807 πολλαχόθι
723 743 813 802 ὁμοίως
827 757 932 804 γεγραμ-

174 810 257 870 μένον,
271 809 356 874 Νέρων
373 811 426 857 κτλ.
441 808 563 857 Attamen
584 809 666 858 schol.
691 807 716 856 in
734 807 843 857 Aristid.
867 807 932 856 Pro·

173 872 269 938 legum.
285 873 423 936 Pythicum
439 888 496 922 esse
512 875 647 923 oraculum
658 873 730 936 dicit,
745 871 932 938 propterquod

172 938 276 987 trauca-i
289 940 363 996 αὐτὸς
376 941 400 1002 (δ
409 939 505 1004 Νέρων)
518 939 547 987 τό
560 941 681 1000 μαντεῖον,
695 948 721 988 et
734 937 862 988 consentit
876 937 932 1001 ipse

171 1003 302 1054 Lucienus
317 1004 343 1054 in
361 1007 462 1055 Nerone
483 1005 522 1063 tt,
537 1020 684 1056 memorans
703 1003 780 1066 idern,
796 1011 825 1055 ut
843 1003 932 1067 Pythi·

172 1084 240 1128 cum,
257 1073 400 1121 oraculum.

205 1197 352 1251 CVII-CIX.
369 1203 406 1252 Ex
417 1200 489 1252 AElio
502 1201 635 1267 Spartisu.
649 1203 767 1253 Ρεεεειιιι.
781 1201 841 1266 Νἰρ.
852 1201 929 1251 Vlll:

172 1287 185 1312 α
259 1267 379 1332 Delphici
402 1267 532 1334 Apollinis
549 1275 622 1318 vates
645 1267 671 1317 iu
688 1273 760 1316 motu
780 1266 931 1332 reipublicae

170 1333 294 1392 maximo,
316 1349 394 1399 quum
413 1333 576 1384 nuntiaretur
597 1340 651 1383 tres
670 1348 727 1382 esse
748 1332 929 1398 imperatores,

169 1399 294 1448 Severum
308 1400 471 1465 Septimium,
487 1399 657 1451 Pescennium
671 1399 790 1464 Nigrum,
813 1399 930 1449 Clodium

168 1462 303 1522 Albinum.
325 1467 459 1516 consultus
478 1481 554 1531 quem
571 1465 703 1529 expediret
720 1463 831 1530 reipubl.
850 1465 930 1528 impe·

169 1545 238 1590 rare,
254 1547 356 1582 versum
368 1547 482 1596 graecum
496 1530 644 1598 hujusmodi
654 1529 752 1580 fudisse
762 1528 866 1588 dicitur.
881 1531 929 1596 Op-

168 1595 248 1646 timus
261 1605 311 1646 etc.
327 1598 364 1648 Ex
379 1613 429 1676 quo
446 1597 606 1647 intellectum
620 1597 739 1657 Fuscum,
754 1595 864 1660 Nigrum
885 1611 930 1660 ep-

169 1663 294 1726 pellatum
320 1663 519 1726 vaticinatiou03
545 1663 680 1720 Severum,
703 1662 812 1724 Afrum
833 1661 928 1713 Album

168 1743 239 1787 vero,
261 1728 383 1779 Albinum
400 1729 507 1780 dictum.
530 1729 585 1779 Nec
605 1727 685 1778 deluit
703 1728 756 1777 alia
778 1726 926 1778 curiositas.

168 1794 331 1857 Requisitum
340 1803 379 1845 est
389 1794 432 1860 qui
439 1801 509 1845 esset
516 1795 668 1845 obtenturus
677 1794 927 1859 rempubl.Adquoil

168 1860 212 1910 ille
235 1861 369 1924 respondit
387 1861 466 1911 alium
486 1875 588 1910 versum
609 1859 697 1920 talem,
721 1861 855 1910 Fundetur
877 1865 924 1910 etc.

168 1927 232 1976 Item
242 1941 321 1991 quum
328 1926 465 1990 quesitum
474 1935 542 1976 esset
554 1927 611 1990 quis
621 1923 660 1974 illi
671 1939 837 1976 successurus
848 1934 924 1986 esset,

167 1991 334 2056 respondisse
347 1991 437 2042 itidem
457 1995 549 2043 Graeco
563 2007 639 2041 versu
656 1991 766 2041 dicitur:
787 1990 834 2042 Cui
849 1992 925 2041 dede-

167 2057 219 2107 rint
233 2064 285 2109 eto.
301 2058 374 2117 Quod
386 2058 491 2108 omnino
502 2058 664 2108 intellectum
676 2072 728 2108 nou
738 2064 778 2107 est
786 2056 836 2107 uisi
847 2073 924 2122 quum

167 2123 310 2174 Bassianus
327 2123 462 2186 Antonini,
482 2125 550 2189 quod
569 2138 657 2173 verum
677 2122 780 2187 signnm
804 2123 844 2173 Pii
866 2123 923 2181 t'uit,

166 2203 259 2240 nomeu
270 2188 379 2254 accepit.
395 2191 461 2240 Item
475 2206 553 2255 quum
568 2197 728 2254 quoereretur
741 2187 865 2254 quamdiu
879 2188 925 2238 im-

166 2264 303 2320 peraturus
321 2263 400 2317 esset,
415 2257 581 2322 respondisse
594 2270 679 2319 graece
692 2253 787 2304 dicitur
802 2253 867 2305 :Bis
881 2256 924 2305 de·

165 2320 216 2378 nis,
231 2328 281 2371 etc.
301 2322 338 2372 lix
350 2337 400 2386 quo
415 2321 585 2382 intellectum,
598 2323 720 2372 Severum
734 2320 827 2385 viginti
841 2335 923 2370 annos

165 2387 334 2451 expleturum.
346 2415 377 2425 -
390 2389 436 2438 Vs.
454 2390 468 2436 3
483 2387 567 2437 altero
581 2389 630 2437 hoc
642 2387 719 2436 modo
733 2385 810 2436 vertit
826 2387 922 2436 Caseu-

165 2453 264 2503 bonus:
281 2453 440 2514 ὋςΔιδνκῆς
450 2453 543 2510 πόλεως
553 2455 574 2503 δ’
584 2453 659 2508 ἀστὸς
667 2453 743 2512 πέλει,
750 2443 823 2508 οὗτος
832 2453 922 2509 ἀνάξει.

197 2585 262 2635 CXI.
285 2585 362 2650 Apud
374 2586 508 2636 Plutarch.
523 2586 562 2635 De
571 2585 669 2650 Pythie
681 2599 762 2642 orae..
773 2585 829 2638 XX,
838 2599 865 2648 p.
874 2585 921 2634 lul

162 2651 188 2700 λ.
200 2649 295 2700 Datum
307 2653 440 2702 oraculum
451 2649 885 2714 adolescenti,HerculisMysogyni
894 2649 920 2700 iu

163 2715 278 2766 Phocide
299 2718 438 2775 sacerdoti,
458 2716 503 2782 qui
521 2732 580 2767 cum
597 2731 625 2766 se
647 2715 743 2780 virgini
763 2715 920 2778 miscuisset,

162 2781 202 2830 inl
214 2783 243 2831 τό
256 2783 370 2845 μαντεῖον
382 2785 503 2846 κατέφυγε
521 2783 563 2833 καὶ
577 2783 633 2847 περὶ
648 2783 690 2842 τῆς
703 2783 823 2846 ἁμαρτίας
835 2783 920 2846 ἠρώτα

162 2848 204 2896 τόν
219 2849 281 2908 θέὸν,
297 2847 365 2906 εἴτις
379 2848 416 2910 εῐη
426 2849 576 2914 παράκλησις
592 2845 608 2909 ἢ
621 2849 696 2904 λύσις·
714 2848 755 2897 καὶ
767 2847 837 2897 ἔλαθε
851 2848 920 2898 τόνδε

161 2915 282 2979 χρησμόν·
298 2917 405 2966 Ἅπαντες
419 2918 471 2964 κτλ.
489 2943 519 2951 -
531 2915 617 2979 Vulgo
629 2915 760 2978 ἀναγκαῖα.

196 3045 274 3095 CXII.
300 3045 338 3095 Ex
349 3047 475 3100 OEnomuo
486 3046 581 3096 Euseb.
591 3047 673 3112 Prsp.
687 3045 819 3111 evangil,
835 3046 877 3096 29.
890 3073 919 3082 -

162 3111 238 3162 Unde
249 3111 372 3170 Galleeus,
386 3112 429 3164 Or.
446 3116 495 3161 uel.
512 3112 555 3170 Vl,
571 3127 597 3176 p.
611 3113 652 3161 36.

195 3241 284 3292 exul.
305 3243 344 3292 Ex
362 3243 491 3308 Porphyr.
513 3243 572 3308 Περὶ
587 3245 631 3301 τῆς
652 3245 680 3294 ἐκ
697 3243 784 3306 λογίων
807 3246 919 3306 φιλοσορ.

134 3365 138 3372 .
161 3307 256 3358 Euseb.
267 3310 350 3374 Praep.
364 3323 455 3376 evang.
467 3309 511 3366 vl.
526 3311 588 3359 2.-
602 3309 649 3358 Vs.
662 3311 717 3359 1-2.
732 3307 868 3373 Seguiero,
879 3308 920 3358 cui

160 3373 324 3490 {ssfflffii
331 3390 411 3490 posse
424 3375 586 3438 ridebantur,
601 3381 720 3438 rogante,
734 3374 872 3424 Jacobsius
882 3373 920 3424 sio

216 3533 346 3595 Ἐκρύεται
359 3535 458 3595 γαίηθεν
473 3534 549 3599 δλυρ’,
565 3536 607 3585 διε
619 3535 731 3596 λείμακος
744 3535 840 3598 όμδρου

206 3599 324 3663 διψοσύνη
337 3602 497 3664 κατέμαρψεν
513 3603 570 3650 ὅλον
584 3601 653 3662 πόμα
667 3601 771 3664 μητέρος
785 3600 869 3658 αὐτῆς.

159 3709 222 3758 Cum
238 3709 287 3759 hac
302 3717 364 3759 nota
379 3725 385 3758 ι
403 3731 415 3756 ι
438 3710 518 3760 Forte
535 3710 611 3767 Αθης.
632 3709 688 3766 Quo
707 3715 824 3773 tempore
844 3715 920 3772 prate

159 3774 251 3838 pluviae
276 3774 386 3841 penuria
405 3790 508 3826 omnem
528 3774 620 3826 matris
642 3776 780 3825 humorem
801 3788 854 3838 pre
875 3773 918 3824 siti

158 3849 384 3905 consumpserunt,
402 3842 519 3892 nascitur
534 3839 651 3900 taudem,
670 3847 809 3906 postquem.
820 3840 919 3904 justum

159 3913 259 3972 tempus
271 3923 346 3957 suum
360 3907 387 3957 in
402 3907 459 3956 sinu
474 3915 551 3958 terrae
564 3907 728 3957 reconditum
740 3921 768 3957 se
780 3905 919 3956 commorit

159 3972 262 4036 prodire
275 3971 399 4037 gestiens.
415 3993 427 4018 ν
443 4001 474 4011 -
484 3974 530 4023 Vs.
546 3975 569 4022 2.
585 3974 703 4036 διψοσύνη
718 3977 775 4039 (pro
789 3972 917 4035 διψοσύνη)

157 4045 183 4086 et
196 4040 356 4104 κατέμαρψεν
369 4041 426 4104 (pro
440 4040 608 4103 κατέμαρψεν)
625 4037 716 4103 Vigeri
728 4045 797 4089 sunt.
812 4064 841 4074 -·
856 4037 917 4088 Vss.

159 4105 211 4154 t-e.
226 4104 353 4169 Porphyr.
368 4105 450 4155 ibid:
475 4105 539 4154 Ἰδοὺ
555 4106 596 4154 καλ
610 4105 658 4156 ἀπὸ
677 4103 721 4155 τού
733 4105 866 4168 σπορίμου,
879 4106 918 4154 ότι

156 4172 244 4228 Σεληνι)
260 4173 299 4220 tiu
320 4173 358 4234 tp
376 4172 457 4228 οδίιην
473 4171 573 4236 ὶρὲρετσ
589 4171 636 4236 (sic
648 4169 842 4235 interpretetur]
857 4169 916 4235 ἦρο-

156 4238 217 4300 σεν),
231 4229 296 4286 εἶπεν
308 4239 345 4286 δτι
373 4239 415 4286 ’λυ
424 4239 576 4299 γεννήσεται.
591 4264 621 4274 -
634 4237 672 4287 ct.
687 4237 741 4287 Cio.
754 4236 884 4286 deDiut'u.
895 4235 916 4294 Ι,

157 4303 196 4362 99,
212 4303 364 4352 etMeueth.
379 4302 533 4368 Apotelesm.
546 4303 578 4364 Il,
593 4305 640 4352 lto
652 4318 692 4367 sq.

189 4433 356 4493 culucxvt
366 4435 403 4484 Ex
411 4434 540 4498 Porphyr.
547 4435 609 4500 ssepi
617 4436 661 4494 τῆς
670 4435 697 4484 ἐκ
705 4435 792 4497 λογίων
803 4436 915 4496 ριλοσορ.

155 4501 250 4548 Ευεεθ.
262 4502 344 4565 Ρεειμ.
359 4515 422 4551 econ
444 4502 503 4560 .VI,
516 4504 539 4550 I.
554 4529 584 4538 -
598 4501 651 4552 Sub
665 4517 702 4550 vs.
718 4503 741 4549 2.
754 4501 841 4565 Porph
854 4515 861 4548 :
875 4500 916 4548 καλ

154 4565 206 4624 stt<
216 4559 252 4621 οἷς
264 4568 409 4629 διαλέγει-
422 4516 475 4616 gub
483 4581 521 4616 re.
535 4569 577 4616 Iu:
590 4567 632 4616 καὶ
639 4569 700 4630 μετὰ
709 4568 790 4631 έτερα.
801 4565 879 4614 -Vs
890 4566 914 4614 8.

154 4631 232 4696 Vulg.
245 4632 365 4694 ψεύσατσ,
378 4631 491 4696 Vigerus
507 4648 513 4682 :
532 4633 668 4684 επαύσατο.
681 4661 711 4670 -
725 4629 837 4696 Suhjicit
851 4631 915 4680 Por·

155 4695 260 4762 phyrius
272 4713 278 4746 :
294 4697 380 4749 Ταῦτα
390 4699 442 4760 μὲν,
456 4701 495 4750 ότι
506 4700 563 4750 otti
573 4701 602 4749 έκ
614 4702 677 4756 θείας
686 4699 811 4759 δυνάμεως
822 4700 915 4749 ἑαυτῶν

156 4765 315 4824 μαντεύονται
329 4765 361 4830 (οἱ
375 4765 434 4829 θεολ)
450 4764 499 4815 ἀλλ’
516 4767 540 4822 ἐξ
554 4765 652 4832 ἄστρων
667 4765 832 4828 ἐπιτηρήσεως
851 4765 915 4813 κατὰ

153 4831 210 4885 τοὺς
225 4833 401 4890 μαθηματικῶν
412 4832 509 4891 λόγους,
526 4835 559 4887 ὡς
573 4833 645 4896 μηδὲν
659 4833 683 4881 έν
698 4831 779 4896 τούτῳ
793 4830 913 4893 διαφέρειν

152 4897 297 5012 paupercus,
313 4897 373 4960 μηδὲ
387 4915 409 4947 τι
422 4899 533 4962 κρεῖττον
546 4899 587 4947 καὶ
605 4899 701 4962 φύσεως
712 4897 834 4963 θειοτέρας
843 4895 915 4958 ἔργον

164 4979 190 5012 tu
206 4963 337 5012 είκνυσθαι.

188 5090 290 5144 CXVII.
313 5095 350 5145 Εε
364 5096 495 5160 Ροεμλιγε.
512 5097 609 5147 Εωεοθ.
624 5097 705 5161 Prep.
718 5109 810 5222 ευαπμ.
826 5095 870 5156 Vl,
887 5097 911 5155 2,

153 5159 277 5216 θελΙεοιιε.
292 5161 335 5211 Or.
349 5165 403 5212 vet.
417 5163 508 5227 91,’ρ.
524 5163 566 5224 to,
578 5179 616 5212 rs.
635 5165 659 5211 2.
673 5161 779 5227 scripsit
807 5178 851 5226 τορ
865 5177 913 5226 pro

153 5226 222 5291 vulg.
236 5219 283 5286 ιῐο,
294 5227 362 5292 quod
374 5230 493 5278 mutabat
505 5229 616 5294 Vigerus
630 5227 657 5278 in
668 5230 715 5290 ἠώ,
732 5243 789 5278 cum
804 5229 852 5278 hac
866 5243 912 5277 uo·

1687 407 1744 479 ste

986 543 1063 594 tula:
1086 564 1098 590 ι
1117 543 1166 596 Vix
1185 543 1275 592 dubito
1298 543 1360 608 quin
1377 545 1415 604 ἠὼ
1434 546 1611 610 reponendum
1631 546 1678 610 sit;
1699 549 1744 600 ille

986 608 1083 675 quippe
1092 609 1216 660 nascendi
1225 608 1368 674 primordia
1377 611 1510 676 eleganter
1520 626 1643 664 auroram
1654 617 1747 680 appel-

986 675 1032 726 lat.
1042 695 1055 720 ν
1069 675 1127 726 Hoc
1139 675 1282 734 oraculum,
1295 683 1324 725 ut
1336 673 1451 741 illaque
1463 691 1543 742 supra
1556 686 1583 728 et
1595 679 1662 730 infra
1674 695 1743 740 suni,

986 756 1012 789 n.
1031 742 1077 790 tto
1091 747 1117 790 et
1132 741 1178 790 tta
1192 741 1225 792 ad
1238 739 1360 791 bellicum
1375 742 1501 806 Impetum
1516 751 1626 808 spectat.
1639 747 1745 798 Retinet

986 808 1018 856 G.
1025 806 1116 856 Wolff.
1130 809 1168 864 ήῶ
1181 816 1207 856 et
1220 807 1288 856 hanc
1297 821 1384 856 notam
1399 805 1520 871 subjicit.
1533 829 1545 856 ι
1559 810 1637 860 Lucis
1649 819 1743 862 terres-

986 871 1033 922 tris
1048 872 1206 932 auroram,i.
1222 887 1245 921 e.
1262 879 1363 937 tempus
1370 873 1503 932 nascendi,
1514 873 1655 934 infestavit.
1665 877 1702 927 ita
1717 891 1745 928 ιιι

986 938 1088 987 funesta
1099 937 1205 987 fuceret.
1222 939 1318 1003 Κέντρα
1329 953 1380 987 non
1394 937 1503 998 stimuli,
1518 941 1594 990 sed...
1606 943 1663 992 loca
1676 960 1745 1008 qusa-

985 1004 1045 1052 dam
1062 1018 1153 1052 cursus
1173 1003 1285 1052 celestis
1305 1002 1444 1068 siguificat,
1470 1006 1497 1054 h.
1518 1021 1542 1055 e.
1560 1007 1742 1068 occidentalia,

986 1083 1044 1134 quse
1057 1068 1171 1119 inlausta
1183 1068 1347 1119 ridebantur.
1362 1089 1376 1112 ν

1018 1201 1132 1251 CXVIII.
1143 1201 1181 1250 Ex
1192 1200 1320 1264 Porphyr.
1333 1201 1429 1250 Euseb.
1439 1202 1580 1267 Praeparut.
1593 1220 1685 1271 evang.
1698 1207 1742 1264 Vl.

985 1267 1009 1316 2.
1026 1294 1053 1302 -
1068 1267 1115 1317 Vs.
1130 1270 1153 1316 l.
1172 1267 1211 1316 ct.
1230 1267 1310 1330 Prop.
1326 1267 1370 1323 IV,
1388 1270 1410 1324 l,
1429 1267 1460 1317 89
1484 1283 1490 1317 :
1512 1267 1652 1336 felicesque
1672 1272 1744 1322 doris

984 1332 1084 1391 stellas,
1098 1332 1242 1395 Martisque
1258 1333 1362 1396 rapacis
1373 1359 1403 1394 ··.
1414 1339 1440 1382 et
1458 1347 1536 1396 grave
1551 1336 1658 1386 Saturni
1672 1336 1743 1387 sidus

984 1396 1011 1447 in
1020 1411 1096 1447 omne
1108 1404 1198 1462 eaput.

1016 1529 1153 1579 extum
1161 1529 1289 1593 Porphyr.
1302 1529 1397 1580 Euseb.
1408 1530 1490 1594 Praep.
1501 1531 1662 1596 eutrapilus
1674 1549 1680 1582 :
1694 1535 1744 1585 liat

983 1595 1022 1644 δτι
1040 1593 1118 1644 ταῦτα
1136 1595 1212 1652 eunte
1224 1595 1289 1644 testu
1308 1595 1369 1659 ἅπερ
1384 1595 1485 1657 ἔραμεν,
1499 1597 1602 1654 δηλώσει
1618 1599 1649 1648 τα
1664 1599 1741 1663 λόγια·

983 1661 1026 1722 ipit
1039 1665 1099 1723 γοῦν
1112 1676 1148 1716 τις
1162 1660 1256 1718 κληθεὶς
1269 1661 1318 1710 τῶν
1333 1662 1403 1710 θεῶν·
1418 1663 1529 1726 Σήμερον
1542 1665 1595 1711 κτλ.
1613 1690 1643 1700 -
1656 1665 1701 1715 Vs.
1717 1669 1740 1715 2,

982 1727 1024 1775 vul
1043 1725 1240 1790 οδμανεοσύνσι
1255 1742 1262 1776 ι
1275 1725 1402 1776 correctio
1416 1737 1456 1776 est
1467 1726 1566 1792 vigeri,
1582 1731 1743 1793 approbante

982 1742 1165 1842 Waieknnser.
1183 1790 1211 1840 in
1228 1792 1319 1856 Eutip.
1336 1793 1441 1856 Fruqm.
1455 1807 1483 1858 p.
1496 1793 1553 1842 297.
1569 1793 1693 1846 Fortasse
1707 1797 1743 1846 le-

982 1857 1115 1920 gendum:
1134 1858 1342 1920 διμαντοσύνοις...
1361 1856 1479 1921 ἅστρασιν
1499 1858 1662 1921 δμπειτὲδηται
1678 1863 1743 1924 (ὁδός

980 1925 1039 1986 ἕδρα
1049 1922 1095 1988 τι),
1108 1923 1266 1972 divinationi
1276 1923 1446 1973 contrariis...
1458 1925 1537 1974 ottrt‘s
1552 1925 1678 1990 impedita
1694 1933 1740 1978 est.

981 2017 1010 2026 -
1025 1989 1073 2038 Est
1091 1987 1170 2038 etiam
1186 1988 1237 2038 hoc
1259 1989 1394 2039 oraculum
1412 1988 1482 2054 apud
1499 1988 1681 2055 philoponum,
1704 1995 1743 2044 De

979 2055 1072 2105 mundi
1082 2056 1221 2114 creatione,
1229 2055 1274 2114 IV,
1290 2057 1331 2114 29,
1346 2070 1404 2105 cum
1414 2055 1497 2104 multa
1509 2055 1646 2121 scripturae
1658 2058 1742 2108 varie-

979 2129 1049 2170 tete:

1026 2223 1136 2286 Σήμερον
1150 2221 1197 2270 οὐκ
1211 2219 1307 2270 ἐπέοικε
1320 2223 1396 2282 λέγειν
1412 2220 1509 2285 ἄστρων
1521 2222 1576 2272 θδὸν
1589 2225 1652 2288 ἱρήν,

1025 2285 1115 2352 έδρανα
1127 2287 1280 2350 μαντοσύνης
1291 2288 1337 2354 γόιρ
1347 2287 1373 2335 δν
1387 2281 1493 2352 όσεράσι
1503 2287 1546 2338 νύν
1559 2291 1700 2347 πεπέδηται.

1016 2368 1089 2412 IIodie
1103 2380 1149 2410 non
1161 2367 1228 2410 decet
1241 2367 1317 2411 dicere
1329 2374 1443 2412 astrorum
1457 2368 1518 2411 viem
1532 2381 1629 2422 semem,

1016 2421 1084 2465 sedes
1096 2420 1157 2464 enlm
1169 2419 1318 2464 dIvIunionIs
1330 2424 1353 2464 in
1364 2420 1435 2466 astris
1444 2433 1505 2464 nunc
1517 2422 1625 2477 Impedits
1634 2427 1678 2468 est.

977 2549 1006 2560 ·-
1022 2522 1088 2571 Vide
1099 2536 1172 2586 supr.
1185 2519 1315 2586 Apollinis
1328 2519 1404 2582 Pyth.
1418 2533 1488 2568 ονασ
1503 2521 1542 2576 8³.
1556 2521 1628 2570 chit
1636 2523 1699 2584 βίην,
1714 2534 1739 2572 et

977 2587 1040 2652 infr.
1054 2587 1183 2650 Anonym.
1196 2600 1267 2638 orac.
1283 2585 1340 2642 IIII,
1349 2585 1381 2634 do
1393 2584 1527 2634 coactione
1535 2585 1652 2647 deorum,
1665 2591 1739 2638 Κλθθί

976 2669 1053 2716 μευ...
1066 2652 1227 2718 Philopouus
1241 2667 1246 2700 :
1263 2652 1304 2700 καλ
1319 2653 1357 2701 θαι
1370 2649 1449 2700 ταῦτα
1461 2651 1533 2714 (deos
1545 2665 1615 2716 saepe
1628 2654 1739 2716 quadani

976 2717 1133 2768 necessitate
1146 2717 1297 2784 cogildlutii
1316 2717 1383 2766 ἐστιν
1398 2717 1459 2781 ἅπερ
1476 2717 1577 2780 έραμεν,
1593 2719 1696 2776 δηλώσει
1709 2725 1739 2770 τὰ

975 2787 1054 2847 λόγια·
1069 2785 1114 2847 ἔφη
1126 2784 1185 2846 γούν
1200 2801 1235 2839 τις
1248 2783 1343 2842 κληθεὶς
1361 2783 1409 2831 τῶν
1425 2783 1495 2831 θεῶν·
1509 2785 1620 2848 Σήμερον
1635 2787 1688 2834 κτλ.
1700 2785 1739 2836 cf.

975 2866 1002 2900 n.
1020 2851 1076 2910 192,
1090 2851 1192 2900 Λυέσθω
1205 2851 1310 2914 φύσεως.

1011 2982 1088 3032 CXX.
1104 2981 1141 3031 Εε
1162 2979 1316 3046 Porphyrio,
1338 2978 1366 3028 iu
1383 2981 1441 3030 Vita
1458 2979 1564 3041 Plotini,
1585 2982 1626 3030 ed.
1650 2981 1737 3033 Didot.
1784 3021 1786 3026 .

977 3063 1003 3114 p.
1021 3051 1078 3107 ild,
1099 3050 1131 3097 22
1149 3063 1189 3112 eq.
1216 3063 1222 3096 ε
1250 3049 1339 3112 Ὀγόιρ
1365 3047 1393 3104 δὴ
1412 3047 1672 3113 Ἀπόλλων,έρομένου
1693 3055 1737 3100 τοῦ

983 3116 1099 3177 Ἀμελὶου,
1113 3117 1188 3174 ποθὴ
1205 3115 1330 3178 Νλωείνρυ
1342 3112 1408 3178 ψυχὴ
1423 3111 1574 3176 κεχώρηκεν,
1589 3115 1604 3163 δ
1619 3111 1739 3164 τοσοῦτον

975 3181 1048 3230 eludis
1055 3181 1110 3245 περὶ
1124 3181 1280 3244 Σωκράτους,
1294 3201 1304 3222 ιι
1320 3175 1414 3242 ἀνδρῶν
1426 3178 1540 3228 ἁπάντων
1551 3180 1684 3244 Σωκράτης
1697 3199 1738 3230 σο-

975 3248 1096 3309 φώτατος,
1111 3266 1122 3289 υ
1140 3245 1279 3296 ἐπάκουσον
1295 3246 1342 3294 ὃσα
1355 3243 1396 3292 καὶ
1409 3236 1449 3293 oin
1461 3244 1517 3310 περὶ
1533 3246 1657 3295 Πλωτίνου
1673 3245 1740 3296 ἐθέσ-

974 3329 1052 3363 πισεν.
1069 3313 1194 3377 ’δμδροτα
1209 3313 1263 3360 κτλ.
1292 3313 1332 3360 Ἐν
1352 3310 1380 3367 δὴ
1401 3311 1499 3366 τούτοις
1515 3308 1610 3375 εἴρηται
1629 3312 1681 3372 μέν,
1700 3316 1738 3362 δτι

974 3378 1064 3441 ἀγαθὸς
1076 3379 1161 3441 γέγονε
1170 3377 1211 3426 καὶ
1220 3376 1291 3438 ἤπιος
1305 3375 1346 3425 καὶ
1352 3374 1430 3441 πρᾷός
1441 3392 1468 3437 γε
1482 3376 1596 3438 μάλιστα,
1610 3377 1651 3426 καὶ
1663 3379 1736 3441 μείλι-

973 3461 1025 3508 χος,
1037 3445 1098 3509 δπερ
1113 3443 1155 3492 καὶ
1168 3443 1238 3504 ἡμεῖς
1253 3441 1331 3497 όντως
1344 3439 1425 3505 ἔχοντι
1440 3442 1591 3505 συνήδειμεν·
1610 3440 1705 3509 εἴρηται
1716 3447 1737 3492 δ’

974 3513 1015 3590 ὀἰιι
1026 3509 1148 3590 ἄγρυπνος
1163 3508 1204 3590 κα)
1223 3509 1333 3588 καθαρὰν
1348 3510 1391 3586 τόν
1413 3508 1492 3585 duxit
1505 3507 1549 3589 ριαὶ
1568 3503 1605 3556 ciel
1626 3511 1737 3591 σπεύδων

973 3574 1560 3704 tittfftltttlttl‘tlttl'tltlttlulth
1575 3574 1737 3702 ltt‘tttlt.

973 3724 1018 3756 του
1031 3707 1088 3771 ιῄδε
1104 3707 1190 3770 βίον...

1007 3838 1096 3888 CXXI.
1115 3838 1152 3888 Ex
1170 3835 1269 3886 Julian.
1290 3834 1411 3884 Caturib.
1425 3836 1465 3894 tu,
1486 3843 1511 3884 et
1525 3834 1605 3886 Suida
1624 3851 1648 3884 r.
1665 3834 1730 3895 αἴκε,

973 3904 1097 3962 Gallaeus,
1115 3903 1157 3952 Or.
1171 3905 1220 3952 vet.
1235 3901 1278 3959 Vl,
1293 3917 1318 3965 p.
1333 3901 1407 3958 36...
1422 3896 1522 3951 ἀπέτισε
1536 3904 1579 3960 τὴν
1594 3902 1662 3960 δίκην
1678 3905 1736 3964 (Αθ-

971 3971 1103 4086 Zigira),
1121 3969 1162 4017 καὶ
1183 3969 1295 4026 ἐλήλυθεν
1310 3968 1325 4024 ἡ
1347 3967 1446 4016 δοθεῖσα
1462 3969 1486 4016 ἐν
1503 3969 1603 4032 Δελφοῖς
1623 3969 1724 4031 μαντεία

1005 4167 1106 4218 CXXII.
1119 4165 1234 4216 Gallaus
1249 4165 1336 4229 (Orac.
1349 4168 1398 4212 vet.
1410 4164 1454 4224 Vl,
1466 4179 1492 4228 p.
1507 4165 1548 4229 39)
1562 4179 1591 4212 ex
1606 4163 1731 4224 cedreno,

971 4249 998 4298 p.
1014 4235 1071 4290 259,
1086 4233 1127 4281 ed.
1145 4228 1236 4290 Basil,
1252 4245 1278 4295 p.
1295 4231 1353 4290 392,
1367 4230 1408 4278 ed.
1422 4229 1508 4282 Paris.
1523 4244 1530 4278 ι
1545 4231 1641 4292 Πέμπει
1654 4225 1696 4283 οὖν
1709 4233 1733 4296 (d

979 4299 1120 4360 Ἰουλιανὸς)
1148 4297 1290 4361 ‘Optatam
1308 4295 1349 4345 τόν
1369 4294 1452 4362 ἰατρόν
1472 4297 1514 4345 καὶ
1530 4298 1689 4362 κουαίστωρα
1707 4299 1731 4347 ἐν

972 4365 1080 4430 Δελφοῖς.
1094 4364 1214 4428 ἀνεγεῖραι
1228 4363 1270 4411 τόν
1287 4363 1346 4412 ναὸν
1366 4367 1410 4411 τοῦ
1433 4363 1586 4418 Ἀπόλλωνος.
1617 4364 1732 4412 Ἀπελθὼν

971 4425 1014 4482 οὖν
1026 4432 1109 4488 αὐτός,
1129 4430 1170 4480 καλ
1184 4427 1228 4480 τού
1243 4429 1315 4494 ἔργον
1336 4426 1472 4491 όψόμενος,
1487 4429 1603 4492 λαμόόνει
1621 4429 1732 4494 χρησμόν

970 4499 1035 4562 παρὰ
1046 4497 1089 4547 τού
1104 4499 1227 4561 δαίμονος·
1246 4493 1338 4544 Εἴπατε
1354 4496 1408 4543 κτλ.

1004 4629 1115 4679 CXXIII.
1144 4625 1263 4678 Servavit
1286 4624 1409 4690 Synesius
1430 4623 1457 4675 in
1477 4625 1555 4688 Dion.
1581 4641 1607 4692 p.
1634 4626 1675 4682 59,
1700 4626 1731 4675 P.

970 4695 1021 4758 (39.
1035 4697 1098 4759 R.):
1116 4693 1132 4754 ἣ
1147 4697 1176 4744 οὺ
1189 4694 1291 4750 ποιητής
1305 4694 1369 4743 ἐστιν
1389 4695 1402 4742 ό
1419 4691 1448 4741 τὸ
1463 4693 1611 4757 χρηστήριον
1624 4689 1686 4754 ἔχων
1704 4693 1733 4739 τό

970 4763 1047 4812 Πυθοῖ
1062 4762 1103 4812 καὶ
1118 4763 1146 4818 νὴ
1163 4761 1209 4810 Διά
1222 4759 1250 4808 τό
1266 4758 1290 4806 έν
1305 4759 1462 4824 θραγχίδαιςς
1474 4775 1546 4813 ουτος
1564 4759 1647 4820 μέντοι
1662 4773 1732 4819 pere·

968 4829 1056 4887 ποιήθη
1069 4827 1111 4877 καὶ
1125 4829 1168 4887 τῆς
1189 4827 1301 4888 Ὀμήρου
1320 4827 1444 4882 ποιήσεως
1460 4827 1494 4880 ὡς
1508 4825 1576 4886 αύτῷ
1591 4822 1731 4887 προσηκού-

969 4909 1022 4954 σης
1045 4895 1146 4944 ’Ἤειδεν
1175 4895 1226 4941 νιτλ.
1253 4919 1282 4928 -
1307 4891 1345 4940 Os.
1371 4889 1494 4939 Philostr.
1514 4889 1614 4940 Heroic.
1642 4903 1665 4936 c.
1690 4889 1729 4944 to.

969 4977 995 5024 p.
1012 4961 1069 5009 726.
1094 4960 1177 5008 -Est
1191 4956 1271 5008 etiam
1288 4956 1330 5006 hio
1346 4971 1435 5006 versus
1455 4954 1525 5007 inter
1541 4971 1555 5004 e
1574 4953 1730 5019 igrammatu

967 5025 1073 5076 Anthol.
1088 5024 1201 5076 Planud.
1216 5023 1237 5080 1.
1254 5024 1284 5072 ul
1300 5029 1326 5072 et
1339 5021 1500 5086 Autholopiae
1514 4970 1598 5072 caiis.
1613 5020 1657 5078 IX,
1673 5021 1728 5068 455.

967 5092 1054 5156 Vulgo
1069 5091 1165 5155 legitur
1178 5090 1300 5156 ὲχόρασσε
1313 5089 1348 5139 δἐ.

1002 5224 1117 5274 CXXIV.
1133 5221 1305 5286 PorpherJe
1315 5217 1419 5270 oracul.
1426 5219 1571 5285 philosoph.
1582 5232 1625 5281 ep.
1633 5216 1729 5266 Euseh.
