4116 6022
308 441 365 500 400

348 567 488 642 ἄπληστον
501 571 595 623 νεικῶν
610 568 705 644 ἄρχετε
719 569 766 621 καὶ
779 565 919 642 πολέμων·

308 657 355 721 τὰς
369 659 462 734 ρόσιος
476 651 501 710 δ’
516 655 531 712 ό
545 652 663 717 πλοῦτος
677 653 739 732 όρον
754 654 813 708 τινὰ
829 651 909 728 βαιὸν
924 655 1038 732 ἐπίσχει,

348 745 377 800 αῐ
390 741 420 800 δέ
433 743 510 798 κεναέ
523 743 621 818 κρέσιες
633 742 681 796 τόν
696 743 844 817 ἀπέραντον
858 737 932 798 όδόν.

278 813 291 862 ⁵
308 831 394 888 Τοῦτο
409 828 549 900 Νεοκλῆος
561 828 670 884 πινυτόν
683 827 791 896 τέκοςῆ
807 829 882 906 παρὰ
894 829 1008 884 Μουσῶν

349 916 488 992 ἶκλυενρῆ
502 914 608 981 Πυθοῦς
622 910 651 980 ές
665 916 743 994 ἱερῶν
757 911 902 993 τριπόδων.

544 1066 593 1125 ii.
615 1062 832 1122 ΑΔΕΣΠΟΤΟΝ.

350 1199 433 1254 Πᾶσιν
449 1193 478 1252 δέ
491 1193 598 1266 θνητοῖς
613 1193 753 1272 βούλομαι
764 1197 925 1274 παραινέσαι

347 1286 521 1362 τοόρήμερον
536 1279 587 1360 ζῇν
601 1280 700 1352 ήόέυς·
718 1283 732 1336 ό
746 1284 798 1360 γὰρ
814 1279 899 1338 θανὼν

345 1372 377 1428 τό
394 1368 480 1448 μηδέν
493 1371 548 1426 όστι
558 1371 605 1425 καὶ
619 1371 681 1425 σκιὰ
694 1371 765 1424 κατὰ
777 1365 886 1446 χθονός.

345 1461 449 1537 Μικροῦ
465 1455 495 1514 δέ
512 1455 604 1534 βιότου
620 1453 697 1524 ζιῖιντΙ
713 1454 876 1533 ἐπαυρέσθαι
886 1457 986 1533 χριὼν.

514 1607 562 1665 ib.
585 1595 857 1664 ΑΡΙΣΤΟΚΛΕΟΥΣ.

307 1743 433 1818 Δάματερ
447 1738 617 1816 πολύκαρπε,
631 1741 663 1794 eb
678 1739 730 1808 κήν
747 1735 897 1794 Σικελοῖσιν
912 1736 1027 1814 έναργής

344 1831 391 1884 zet
404 1827 468 1908 παρΙ
484 1811 666 1906 Ερτχόιέδαις·
683 1827 710 1882 έν
726 1821 756 1881 δέ
770 1844 796 1880 τι
810 1821 927 1904 [θαῦμα]
942 1827 1013 1900 μέγα

306 1911 402 1996 κρῑνιτ’
417 1918 444 1972 έν
457 1899 628 1992 Ἑρμιονεῦσι·
643 1914 690 1970 τόν
705 1909 734 1978 ii
748 1911 851 1988 όγέλης
864 1913 917 1990 γὰρ
932 1907 1032 1989 όριιδῆ

344 2007 454 2083 ταῦρον,
468 2005 498 2060 όν
513 2003 564 2058 οὐκ
578 1999 682 2080 αἴρουσ’
697 2003 788 2078 ἀνέρις
802 1996 866 2057 οὐδέ
882 1996 959 2070 δέκα,

306 2095 401 2150 τοῦτον
414 2093 498 2170 γραῦς
511 2092 655 2167 στείχουσα
672 2091 742 2166 μόνη
761 2091 843 2164 μόνον
857 2085 957 2151 οὔατος
969 2085 1043 2142 έλκτι

346 2175 418 2236 τόνδ’
432 2180 476 2234 iri
492 2175 596 2254 βωμόν·
614 2179 628 2232 ό
644 2173 680 2249 δ’,
697 2177 732 2240 ὡς
748 2178 843 2254 ματέρι
857 2177 930 2242 ταῖς,
947 2173 1050 2233 έπιται.

309 2551 359 2606 Σόν
373 2546 446 2619 τόδε,
463 2549 600 2625 Δάματερ,
617 2545 664 2601 σόν
677 2545 708 2600 τό
724 2543 824 2630 σθένος·
840 2542 920 2608 ἵλαος
937 2543 1005 2615 εἴης,

346 2639 393 2692 καλ
406 2639 511 2692 πάντων
524 2631 624 2690 θόλλοι
637 2631 738 2710 κλᾶρος
752 2633 778 2686 ἰν
794 2633 928 2710 Ερμιόνη.

455 2766 504 2824 46.
527 2761 718 2820 ΔΙΟΓΕΝΟΥΣ
739 2760 920 2820 ΑΑΕΡΤΙΟΥ.

308 2901 352 2968 Md
368 2917 433 2953 ποτι
447 2896 560 2972 λυπήσῃ
576 2915 605 2951 σε
619 2894 650 2950 τό
666 2897 704 2971 μή
720 2913 748 2949 σε
764 2896 854 2971 τυχεῖν
868 2911 949 2960 τινος,
966 2890 1041 2950 ἀλλὰ

346 2988 440 3063 τέρπεο
455 2987 535 3040 πᾶσιν
550 2985 625 3060 όμῶς
638 2980 692 3038 οῖσι
706 2979 801 3037 bibunt
814 2980 884 3046 θεός.

306 3075 354 3130 καλ
366 3075 419 3150 γὰρ
434 3069 580 3147 ἀθυμήσας
592 3070 607 3126 ό
622 3071 705 3148 σορός
719 3066 881 3146 Περίανδρος
893 3067 1012 3144 ἀπέσόη,

347 3161 454 3218 οὕνεκεν
469 3160 519 3216 οὐκ
534 3158 626 3236 ἶτυχτν
641 3153 755 3236 πρήξιος
769 3153 804 3227 ἧς
817 3155 918 3218 ttrite,

413 3408 462 3466 ετ.
485 3403 602 3462 eruor
621 3402 689 3460 ror
708 3402 960 3460 rrrnunrrnror

538 3503 565 3557 a
586 3498 663 3578 σιιῳ
685 3499 840 3558 ornant.

591 3621 652 3688 Πιρέ
665 3621 782 3684 σεισμῶν.

312 3739 419 3822 Φρόζτο
434 3741 470 3814 δὴ
483 3746 531 3800 καλ
545 3739 622 3799 τόνδε
635 3740 736 3819 λόγον,
751 3744 839 3814 τέκος,
857 3743 959 3798 ὁππότε
973 3763 1018 3800 κεν
1033 3740 1069 3814 δὴ

310 3835 391 3908 γαῖαν
405 3833 505 3908 κινήσῃ
521 3826 661 3907 στισέχόυν
676 3830 879 3906 Κυανοχαίτης,

344 4255 371 4306 in
385 4255 464 4314 rixae,
478 4252 607 4312 hominen,
620 4267 667 4302 τοο
681 4251 745 4302 σείει
760 4266 833 4302 nrnra
848 4251 944 4302 trabit?

311 4339 419 4390 Naturae
430 4335 585 4388 cohibentur
598 4350 662 4400 oper
677 4335 725 4384 aab
739 4333 829 4384 limine
843 4349 924 4399 perro
940 4350 946 4384 :

345 4419 413 4487 qnod
427 4419 562 4470 malorena
575 4417 640 4482 petit
653 4432 727 4467 mena
740 4415 801 4476 ribi.
817 4417 868 4466 dne
879 4425 961 4468 earet.

313 4504 396 4556 Filiae
409 4503 460 4554 boo
470 4501 576 4554 Neoelie
588 4500 702 4566 rapiens.
718 4500 832 4550 dictante
844 4501 978 4558 Camoenn.

346 4593 391 4638 ant
404 4601 436 4637 er
450 4581 559 4636 rortinie
572 4583 660 4634 haunit
673 4583 828 4648 Apollineis.
909 4599 936 4634 n.
952 4598 1072 4635 naorrnr.

584 4703 625 4751 έό.
643 4715 803 4750 aursrocnrs.

313 4813 334 4864 0
350 4812 460 4864 seranda
471 4811 550 4862 Ceres
562 4808 658 4860 aicrnlne
672 4807 819 4858 veneranda
831 4823 878 4872 per
891 4822 952 4858 oras

347 4895 532 4961 cecropioeque
544 4908 634 4958 agros,
647 4893 696 4942 boc
709 4907 759 4956 ego
773 4891 904 4956 precipue

314 4982 396 5032 miror
408 4980 434 5031 in
448 4977 599 5036 Hermione,
611 4977 680 5042 quod
691 4991 787 5040 magno
799 4977 893 5026 robore
906 4985 1008 5026 taurum

348 5076 475 5128 quemque
486 5059 536 5110 riri
551 5059 650 5125 possint
663 5059 704 5108 rix
718 5059 848 5108 domuisse
862 5059 961 5118 decem,

313 5165 322 5197 ι
343 5161 423 5212 grege
436 5144 575 5194 deductum
589 5143 645 5193 nola
656 5157 719 5193 eure
732 5141 837 5192 adducit
848 5142 881 5192 ad
893 5157 967 5192 arem

349 5237 440 5280 sancta
454 5227 502 5278 tibi
514 5225 616 5286 mulier.
632 5225 686 5292 qui,
701 5241 766 5291 puer
776 5233 814 5286 ut,
827 5226 952 5290 sequitur.

756 433 1015 494 ANTHOLOGIAE
1035 431 1185 492 GRAECAE
1204 431 1428 494 APPENDICIS

1155 570 1317 644 inexplebile
1330 571 1393 626 lites
1405 571 1565 626 exordimini
1580 579 1608 628 rt
1622 571 1706 640 belle;
1733 571 1886 644 [obtinenb

1120 663 1224 714 nature
1242 663 1333 714 eutem
1349 657 1450 714 divitiae
1470 657 1580 714 modum
1602 659 1747 732 qnamdam
1767 677 1888 732 parvum

1154 761 1225 800 rane
1237 751 1329 802 autem
1339 743 1443 818 judicia
1456 743 1658 802 interminatum
1670 763 1794 802 cursum.

1122 829 1178 886 Hoc
1191 830 1297 886 Neoclie
1311 830 1421 903 sepiens
1435 829 1506 888 filiae
1520 839 1568 888 aut
1582 849 1599 886 a
1612 832 1695 888 Musis

1154 917 1267 986 audivit,
1281 925 1329 974 aut
1342 919 1450 992 Pythus
1463 936 1498 974 ex
1512 918 1597 974 sarria
1611 919 1776 992 tripodibus.

1361 1063 1633 1120 inANONYMUM.

1154 1191 1285 1250 Omnibus
1299 1193 1408 1267 quidem
1422 1193 1582 1252 mortalibus
1596 1194 1656 1250 volo
1671 1195 1789 1251 euadere

1155 1281 1293 1354 Quotquot
1301 1288 1367 1338 eunt
1376 1281 1436 1338 dies
1444 1282 1565 1338 suaviter
1575 1282 1682 1338 vivere:
1695 1282 1739 1339 ille
1749 1283 1826 1338 enim
1837 1283 1888 1357 qni

1155 1367 1268 1423 nibilum
1282 1375 1326 1424 est
1340 1375 1368 1425 et
1382 1367 1478 1424 umbre
1491 1367 1543 1424 sub
1560 1375 1644 1426 terra.
1677 1369 1815 1442 [mortuus
1830 1378 1887 1437 est,

1155 1454 1236 1512 Brevi
1250 1463 1340 1512 autern
1354 1455 1411 1512 rita
1424 1455 1558 1513 viventem
1573 1455 1626 1512 irni
1640 1463 1760 1530 oportet.

1358 1607 1403 1662 ib.
1419 1604 1637 1663 Amsrocnls.

1121 1739 1248 1795 Fecunda
1256 1739 1349 1806 Ceres,
1365 1743 1393 1794 tu
1409 1744 1437 1794 ot
1451 1737 1521 1794 inter
1534 1737 1641 1796 Siculos
1654 1739 1800 1796 manifesta

1156 1833 1184 1882 et
1200 1825 1273 1899 apud
1288 1825 1488 1882 Erechthidas:
1505 1844 1588 1882 unum
1600 1843 1665 1884 vero
1679 1835 1708 1884 et
1723 1829 1808 1885 hoece
1824 1845 1887 1884 rna-

1613 1916 1708 1988 [gnum
1723 1916 1887 1972 miraculum

1121 1998 1291 2058 existimatur
1311 2001 1381 2058 inter
1403 2001 1613 2058 ilermionensea
1635 2019 1642 2058 :
1665 2002 1740 2058 illum
1767 2003 1842 2060 enim
1869 2021 1887 2060 e

1626 2090 1724 2164 [grege
1738 2091 1887 2147 immanem

1156 2183 1273 2244 murum,
1288 2194 1368 2250 quem
1381 2195 1435 2234 non
1449 2177 1547 2235 tollunt
1558 2176 1668 2250 quidem
1681 2177 1733 2234 riri
1747 2179 1853 2246 decem,

1122 2261 1194 2318 illum
1205 2280 1274 2320 anus
1289 2264 1535 2338 placide-incedens
1548 2266 1608 2323 eoin
1621 2267 1708 2323 solum
1722 2284 1789 2323 eure
1798 2267 1887 2324 trabit

1156 2352 1257 2408 hanone
1271 2353 1306 2410 ad
1320 2368 1395 2408 arem
1411 2369 1418 2408 :
1434 2353 1478 2408 ilie
1497 2359 1598 2421 autem,
1619 2361 1649 2411 ut
1668 2361 1782 2410 matrem
1803 2371 1884 2427 puer.

1738 2441 1883 2515 [sequitur.

1121 2538 1207 2594 Tuum
1223 2536 1317 2604 bonne,
1333 2532 1425 2598 Ceres,
1438 2537 1514 2586 tuum
1528 2529 1612 2586 robur
1627 2547 1634 2585 :
1650 2529 1770 2603 propitia
1781 2529 1830 2594 sis,

1091 2701 1096 2720 Ι
1157 2631 1185 2680 et
1196 2620 1314 2679 omnium
1327 2619 1434 2678 vireant
1446 2618 1549 2691 praedia
1563 2619 1726 2676 Hermione.

1295 2774 1339 2827 ib.
1362 2769 1529 2828 DIOGENIS
1553 2769 1707 2826 LAERTII.

1123 2907 1162 2962 Ne
1176 2912 1203 2962 te
1218 2920 1336 2977 unquam
1350 2901 1443 2958 doleas
1454 2909 1481 2958 te
1491 2901 1631 2976 quidpiam
1643 2917 1696 2958 non
1708 2907 1884 2957 consecutum

1156 2992 1246 3066 gaude
1261 2989 1364 3064 pariter
1374 2989 1500 3046 omnibus
1514 3006 1574 3062 quae
1585 2988 1634 3044 dat
1647 2987 1731 3044 Deus.
1743 2990 1825 3056 [esse¹
1835 2989 1886 3044 sed

1123 3080 1227 3138 Etenim
1250 3077 1438 3135 fracto-animo
1463 3075 1574 3150 sepiens
1598 3075 1642 3131 ille
1663 3074 1813 3131 Periander
1837 3091 1886 3131 ex·

1692 3161 1820 3232 [stinctae
1831 3169 1884 3222 est,

1156 3257 1220 3333 qnia
1233 3273 1287 3313 non
1302 3262 1443 3312 assecutus
1458 3262 1500 3312 est
1512 3272 1568 3311 rem
1580 3271 1661 3327 quam
1674 3251 1813 3326 cupiebat.

1257 3405 1301 3460 ii.
1322 3401 1501 3461 MERCURII
1520 3399 1749 3459 TRISMEGISTI

1400 3506 1448 3556 aut
1465 3498 1611 3556 ORPHEI.

1367 3616 1405 3666 De
1419 3622 1497 3665 terrm
1510 3611 1633 3664 motibnr.

1125 3742 1247 3816 Intellige
1261 3757 1327 3798 sane
1339 3745 1367 3796 et
1378 3739 1449 3795 hanc
1462 3736 1604 3802 rationem,
1620 3734 1668 3804 fili,
1683 3752 1744 3792 num
1759 3751 1825 3791 eane

1125 3840 1224 3890 torrem
1258 3826 1373 3884 moverit
1407 3830 1648 3906 concussor-terrm
1677 3821 1885 3896 nigros-crines-

1665 3911 1781 3983 [hnbens
1803 3913 1884 3974 Deus,

1128 4255 1191 4305 Haeo
1201 4262 1247 4304 tna
1259 4252 1300 4302 bie
1312 4251 1390 4299 Cerea
1401 4257 1450 4310 eat,
1465 4257 1493 4297 tu
1505 4244 1580 4296 nobie
1594 4253 1651 4295 ento
1665 4244 1788 4309 benigna,

1161 4352 1208 4403 per
1222 4345 1298 4401 teque
1312 4331 1453 4384 Hermione
1466 4331 1527 4381 leta
1541 4331 1617 4380 beata
1629 4329 1694 4378 inat.
1810 4341 1885 4377 eres.

1351 4443 1392 4491 έό.
1410 4454 1530 4491 οιοσειεττ
1547 4452 1661 4489 unam.

1129 4541 1167 4590 Ne
1181 4537 1229 4588 tibi
1237 4535 1294 4602 jam
1308 4533 1395 4585 doleat
1408 4533 1431 4582 ei
1445 4547 1497 4582 non
1510 4537 1601 4596 optata
1613 4525 1742 4592 aequaris,

1161 4621 1207 4672 ned
1215 4619 1289 4686 juret
1300 4618 1327 4669 id
1340 4615 1429 4682 nuperi
1440 4613 1509 4680 quod
1521 4613 1635 4664 tribuere
1646 4609 1698 4662 dei.

1128 4708 1196 4756 Nam
1208 4701 1313 4768 rapiens
1324 4698 1429 4766 Stygiae
1440 4695 1585 4748 Periander
1596 4693 1676 4744 roseit
1686 4693 1720 4743 ed
1733 4693 1841 4743 umbrae

1160 4785 1311 4845 exstinctor,
1324 4783 1393 4848 quod
1406 4797 1457 4832 non
1469 4794 1527 4846 qum
1539 4777 1621 4830 rolnit
1631 4775 1721 4827 rainit.

1670 4873 1741 4912 nroo.
1756 4873 1780 4908 r.
1798 4873 1887 4908 nmer.

1182 4973 1223 5022 tr.
1240 4969 1364 5020 Narro-ii
1380 4959 1719 5030 Trirmepirti,oet‚rrtn1ii
1732 4957 1832 5019 εοέυπέ,

1324 5041 1427 5108 Orphei,
1440 5040 1473 5090 de
1487 5042 1561 5089 rm
1574 5035 1693 5086 motibus.

1129 5139 1185 5188 Ηοο
1198 5149 1299 5202 qnoque
1313 5134 1394 5192 diere,
1407 5146 1480 5196 puer,
1490 5141 1652 5194 quocumque
1663 5141 1694 5174 er
1708 5123 1815 5174 cardine
1828 5121 1888 5172 oeli

1129 5221 1248 5272 tellurem
1262 5216 1363 5282 quatiat
1376 5221 1499 5279 regnator
1513 5211 1624 5262 caernlm
1635 5209 1721 5268 unda,
