4062 6018
584 470 711 531 CAPUT
730 469 767 530 ll.
789 467 1072 529 salonentianae
1094 467 1368 530 secundantis.

482 603 664 662 266.ann0.

183 725 311 805 Εότόχου
324 727 407 804 ἠρίον
423 727 491 801 elpl,
507 727 555 782 καί
569 727 601 782 οὐ
613 729 702 781 κενόν·
718 725 801 780 dctis
814 727 867 802 γάρ
885 743 933 801 μοι

225 814 334 891 πίμψεν
349 812 496 892 ἀδελφειοῦ
511 814 618 891 φροντίς
630 813 678 868 ἀπ’
693 796 812 884 ίταλίης·

185 902 274 978 ἄλγεα
287 900 311 958 δ’
328 900 425 958 ίλλιπε
439 903 531 978 πατρί,
545 900 619 957 πολὺ
630 899 725 957 πλεῖον
740 896 770 956 δί
785 903 915 978 τεκούσῃ,

227 993 346 1069 θερίτον
362 987 465 1046 ὠδίνων
480 989 569 1044 οὐκίτ’
586 987 702 1066 ἀριθμόν
719 989 786 1066 ίχιι.

154 1079 170 1124 ⁵
186 1079 309 1157 Σεοργὴν
325 1075 350 1134 δ’
367 1079 528 1154 οἱχομίνοιο
541 1075 744 1154 περικλαίουσιν
759 1073 885 1154 ἀδελφοί,

226 1164 320 1231 παῖδες
334 1163 361 1222 δ’
376 1167 521 1244 δρφανίην,
536 1168 696 1241 χηροσόνην
711 1161 741 1220 dl
754 1166 837 1241 γον-ό.

188 1257 222 1311 Ei
235 1252 264 1310 δὲ
277 1257 425 1333 τριήκοντα
439 1249 512 1322 ζωῆς
528 1255 611 1328 μόνον
626 1253 684 1331 ίσχ’
697 1253 837 1317 aureuma<

227 1346 274 1398 καί
286 1340 348 1408 δύο,
363 1344 402 1418 τῷ
417 1339 537 1418 φθονερῷ
553 1337 666 1417 δαίμονι
681 1337 859 1418 μεμφόμεθα.

479 1485 548 1544 267,
564 1484 661 1534 anno.

301 1585 431 1652 Kfcfvsan)
446 1588 591 1637 Σουλπικίου
603 1585 717 1648 Μαξίμου
728 1583 834 1651 καίριον.

253 1663 319 1713 Ῑίσιν
331 1659 361 1713 ἂν
374 1662 454 1725 λόγοις
464 1661 585 1727 χρήσαιτο
597 1661 657 1716 Ζεὺς
669 1659 786 1722 ἐπιτιμῶν
808 1659 884 1723 Ἧλίῳ

370 1737 409 1787 ότι
423 1735 452 1785 τό
466 1737 534 1801 ἇρμα
547 1735 625 1786 idaeas
638 1734 770 1785 Φαέθοντι.

189 1831 328 1926 ίίμετίρου
342 1849 460 1922 κόομοιο
475 1848 630 1924 φαεσφόρον
643 1840 825 1922 appetat-apa

187 1937 243 2012 οὐχ
256 1935 346 2012 ίτερον
360 1933 434 2004 πλὴν
449 1937 505 1991 caia
521 1931 579 1990 θεοί
591 1936 710 2004 ποίησαν
726 1931 850 1997 ἄνακτες·

186 2027 262 2078 τίπτε
276 2027 436 2101 κακόφρονα
450 2021 537 2092 θῆκας
550 2021 591 2099 ἐφ’
607 2018 748 2098 dificerent
763 2003 898 2096 θλόμπου

188 2113 249 2166 υίία
262 2113 309 2167 καί
322 2108 422 2166 πώλων
437 2111 541 2186 ἄφατον
554 2112 640 2187 τάχος
653 2104 826 2186 ίγγυόλιξας,

155 2213 171 2259 5
185 2200 328 2275 ἡμετέρην
341 2194 401 2254 οὐδ’
414 2197 494 2253 dcccv
509 2194 603 2276 ὑπό(δ)
618 2194 708 2260 δείσας
722 2197 884 2274 ίπαρωγήνς

189 2285 227 2342 Οὐ
242 2284 308 2343 τάδε
321 2287 405 2342 πιστὰ
417 2283 488 2350 θεοῖς
499 2289 545 2342 σίο
560 2282 656 2355 δήνεα·
671 2286 720 2340 ποῖ
733 2281 887 2347 Φαίθοντος

188 2462 316 2528 εὐσταθίς
329 2463 407 2541 ἅρμα
420 2465 546 2541 φορείτω,
560 2464 588 2517 τί
601 2464 650 2518 σοῦ
662 2461 747 2539 πυρός
760 2455 938 2538 ἀκ[α]μάτοιο

189 2548 259 2630 φλόξ
279 2553 345 2630 ἄχρι
364 2554 412 2606 καί
430 2549 525 2629 θρόνον
546 2547 632 2620 ἦλθεν
653 2549 721 2626 ίμόν
742 2550 790 2605 καί
809 2545 853 2603 ἐπ’
872 2549 953 2625 εὒρία

188 2731 308 2806 Μίγνυτο
322 2731 371 2785 καί
384 2725 510 2785 κόκλοιοι
523 2725 670 2804 θπιρμενίς
687 2722 772 2803 δχθος
783 2632 951 2795 ἀπθκεόίλθθῗ,

143 2907 172 2956 10
188 2889 310 2969 batava<
322 2906 407 2982 χίρας
420 2903 501 2967 αὐτός
515 2903 542 2967 ίς
553 2903 669 2980 οὐρανόν
681 2895 808 2980 asprata.

187 2995 234 3058 Τίς
247 2995 380 3068 ποταμῶν
395 2993 428 3048 οὐ
442 2993 532 3047 πᾶσαν
545 2984 736 3069 όνεξηραίνιτο
749 2990 860 3064 πηγήνς

188 3083 244 3140 Καὶ
255 3085 357 3160 σπόρος
369 3081 395 3145 ίς
404 3081 541 3158 Δήμητρα
553 3076 707 3150 καταίθετο,
719 3079 767 3132 καί
779 3096 818 3141 τις
832 3073 954 3132 ἄπλατον

189 3255 313 3328 ἀζαλέην
329 3254 444 3313 ίκλαυοε
458 3257 534 3334 παρὰ
548 3250 708 3333 δρεπόναιει
719 3255 849 3330 γεωργός.

189 3349 306 3424 σπείρων
320 3347 357 3409 είς
372 3345 506 3422 ἀχάριστα
522 3345 611 3419 μάτην
629 3339 653 3397 θ’
669 3341 722 3396 ὑπό
736 3341 823 3418 κυφδν
840 3341 954 3418 ἄροτρον

146 3441 175 3488 t5
189 3438 291 3513 ταῦρον
307 3427 460 3498 όποΕεύξας
473 3431 526 3487 όπό
540 3430 564 3486 τ’
579 3432 680 3508 όστίρα
696 3427 842 3505 βουλυτοῖο

189 3610 305 3687 κάμψας
316 3609 416 3686 δρρενα
428 3610 494 3684 γυῖα
506 3609 554 3662 σίιν
566 3603 717 3684 ἀχθεινοῖσι
731 3602 835 3680 βόεσσι·

188 3701 257 3776 γαῖα
271 3695 297 3753 δ’
311 3697 437 3753 θπίστινε
449 3698 525 3750 πᾶσα
536 3697 705 3771 κακόφρονος
719 3692 807 3750 ιίνεκα
822 3694 933 3770 κούρου·

189 3877 240 3932 καί
250 3873 307 3931 τότ’
323 3873 377 3949 ἐγὼ
391 3872 456 3948 πυρί
468 3872 567 3948 φίγγος
583 3864 730 3924 ἀπίσδεσα·
749 3827 849 3943 μηκίεί
859 3864 957 3931 παιδός

193 3967 279 4042 μύρεο
292 3959 395 4037 λυγρόν
408 3956 532 4036 ὀλεθρον,
548 3959 593 4013 ίοῦ
605 3953 629 4012 δ’
641 3957 687 4034 ίχι
697 3952 827 4033 φροντίδα
836 3958 954 4032 κόσμου,

144 4068 175 4114 aa
193 4055 308 4130 μήποτε
316 4043 954 4126 χειρδςίμῆςφλογερώτερονίγχοςάθροιήσρς.

192 4226 304 4286 ί“ίνοιοκ’
321 4225 460 4303 οὐρανίοιο
474 4223 537 4287 Διός
548 4225 622 4278 νόον·
640 4223 672 4279 οὐ
688 4223 727 4298 μὰ
739 4223 792 4298 γὰρ
805 4221 891 4290 αὐτὴν

191 4302 275 4386 θείην
290 4312 362 4370 ἄλλο
376 4308 414 4392 τ[ι
427 4307 520 4391 τ]οῦδι
534 4313 688 4388 κακώτερον
701 4307 758 4366 ίδεν
773 4295 916 4385 θλυμπος·

192 4407 297 4480 κόσμος
310 4401 377 4478 ἐμός
390 4402 425 4470 σὴ
439 4403 526 4463 πίστις
539 4399 588 4476 ίφυ
605 4396 773 4476 μεγακύδιος
786 4398 876 4476 ίργου.

193 4577 319 4659 Οίχίοθιο
333 4578 369 4633 τό
382 4571 506 4655 πάροιθε,
520 4571 591 4631 τὰδ’
607 4573 705 4653 ίίσεερα
720 4571 842 4652 φροντίδι
854 4570 943 4629 κεῦθε·

146 4675 176 4721 25
192 4670 227 4724 οὗ
242 4669 289 4732 σός
302 4667 365 4744 ipa·
380 4663 479 4722 πώλων
489 4663 542 4742 γὰρ
555 4664 691 4742 ἀπείριτον
705 4661 759 4743 [opi
771 4661 863 4726 σθίνος
876 4661 956 4738 ίγνω,

193 4845 319 4924 ῥυτήρων
335 4838 395 4898 οὐδ’
410 4842 473 4920 ίοχε
487 4836 661 4918 πολυφραδὲς
675 4841 752 4919 ἔργον
767 4841 891 4896 ἀνύσσαι.

194 5005 284 5099 Ερχεο
299 5021 359 5086 νῦν,
374 5015 444 5074 πόλι
455 5021 558 5095 κόσμον
571 5018 693 5095 ίποίχεο,
712 5017 751 5094 μὴ
765 5016 826 5072 τιόν
838 5011 919 5093 εὖχος

197 5193 357 5276 ἀλλοτρίαις
370 5192 528 5271 παλάμαισι
541 5197 629 5273 πόρῃς
642 5195 767 5271 aptisve
780 5196 912 5266 πονήσας·

199 5287 293 5364 μούνῳ
310 5287 354 5341 σοί
365 5287 510 5362 πυρόεντος
522 5284 687 5360 ίπειγομίνῳ
701 5280 815 5338 κόκλοιο

1707 471 1763 530 tta

1293 599 1356 654 266.
1375 607 1478 650 aurun.
1689 643 1764 713 [mihi

1006 720 1122 796 Eutychi
1133 721 1288 796 sepulcrum
1296 739 1366 790 sum,
1375 739 1463 795 neque
1473 738 1604 778 vacuum:
1617 737 1681 778 ossa
1694 723 1764 778 anim

1040 807 1115 865 misit
1128 806 1223 865 fratris
1236 825 1303 866 cura
1316 808 1351 865 ab
1366 807 1445 865 ltalia
1458 825 1465 864 :
1637 809 1764 883 [parenti¹

1005 896 1113 953 dolores
1125 895 1236 971 quidem
1249 895 1359 970 reliquit
1372 895 1454 972 patri,
1468 895 1553 954 multo
1569 903 1661 954 autem
1677 897 1766 972 magis

1039 1001 1101 1058 quas
1114 982 1225 1058 triplum
1238 990 1365 1058 partuum
1378 1001 1433 1042 non
1443 984 1500 1058 jam
1515 985 1599 1042 babet
1612 1002 1763 1042 numerum.

1004 1071 1132 1128 Amorem
1145 1071 1208 1128 inde
1218 1071 1340 1129 defuncti
1354 1071 1456 1130 deflent
1469 1072 1579 1144 fratres,

1040 1158 1173 1234 liberique
1186 1159 1341 1229 orbitatem,
1356 1159 1571 1234 viduitatemque
1586 1160 1691 1218 mulier.

1003 1245 1144 1319 Siquidem
1157 1244 1273 1320 triginta
1284 1245 1347 1304 rita
1358 1251 1464 1304 tantum
1478 1246 1574 1304 habuit
1587 1264 1674 1304 annos

1040 1341 1068 1391 et
1082 1334 1146 1403 dno,
1163 1333 1254 1391 invido
1268 1333 1372 1391 numini
1384 1334 1591 1408 exprobramus.

1292 1477 1356 1532 267.
1376 1484 1472 1529 aurun.

1059 1581 1147 1642 Quinti
1162 1581 1272 1649 Sulpicii
1287 1581 1392 1633 Maximi
1405 1597 1496 1633 versus
1511 1583 1711 1648 extemporales.

1043 1656 1101 1715 Qua
1114 1657 1232 1708 oratione
1244 1672 1306 1708 nsua
1320 1656 1355 1708 sit
1364 1657 1468 1722 Jupiter
1479 1658 1566 1708 Solem
1580 1658 1723 1722 objurgans

1064 1730 1133 1797 quod
1146 1745 1251 1782 currum
1265 1746 1340 1781 suum
1352 1730 1510 1782 Phaethonti
1525 1729 1708 1782 commisisset.

1005 1848 1100 1906 Nostri
1113 1847 1207 1906 mundi
1222 1848 1365 1906 luciferum
1380 1847 1505 1926 aurigam

1005 1954 1060 1994 nou
1073 1937 1156 1994 alium
1169 1954 1202 1994 ac
1215 1943 1243 1995 te
1257 1936 1295 1993 dii
1309 1936 1398 1995 iacere
1411 1955 1492 2012 regas
1507 1954 1515 1994 ι

1005 2023 1072 2098 quid
1082 2023 1168 2099 igitur
1179 2025 1292 2082 stultum
1304 2023 1421 2100 posuisti
1431 2025 1458 2081 in
1469 2025 1537 2083 rotis
1549 2025 1656 2101 Olympi
1669 2026 1766 2101 [dasti3

1005 2111 1090 2168 fllium
1106 2119 1134 2168 et
1146 2115 1172 2169 si
1183 2128 1315 2186 equorum
1331 2111 1490 2168 immensam
1505 2113 1675 2170 velocitatem
1691 2131 1764 2169 man-

1005 2205 1129 2256 nostrum
1142 2215 1231 2273 neque
1244 2197 1287 2256 vel
1299 2198 1409 2257 minime
1421 2200 1577 2257 subveritus
1591 2201 1744 2258 auxilium?

1006 2288 1067 2344 Non
1086 2303 1119 2344 ea
1136 2285 1249 2344 deorum
1263 2286 1317 2344 fide
1331 2285 1416 2362 digna
1430 2294 1494 2344 sunt
1507 2295 1556 2345 tna
1569 2289 1691 2346 consilia.
1708 2289 1768 2360 Qua

1574 2377 1769 2450 [Phaethontis

1006 2461 1101 2520 firmus
1115 2482 1211 2522 currus
1227 2465 1387 2522 ferebatur?
1400 2463 1472 2534 Quid
1486 2464 1559 2539 ignis
1573 2465 1613 2521 tui
1627 2463 1756 2523 indefessi

1005 2551 1215 2628 flammeusque
1230 2552 1265 2610 ad
1278 2554 1406 2612 thronum
1425 2553 1500 2612 venit
1514 2570 1604 2610 meum
1623 2559 1651 2611 ct
1664 2553 1692 2610 in
1705 2571 1769 2611 aas·

1538 2643 1607 2716 [tarn
1619 2641 1769 2699 mundum?

1006 2729 1123 2787 Mixtum
1133 2737 1177 2787 est
1185 2735 1214 2787 et
1225 2729 1339 2786 orbibus
1352 2731 1499 2788 celestibus
1512 2731 1681 2804 pervalidum
1693 2731 1770 2788 solis

1504 2818 1660 2892 [splendore
1674 2836 1744 2877 onus
1760 2837 1767 2876 ε

1008 2905 1132 2962 Oceanus
1146 2923 1242 2962 manus
1256 2904 1316 2980 ipse
1332 2907 1365 2962 ad
1381 2907 1474 2964 celum
1487 2906 1610 2964 tollebat.

1008 2991 1075 3061 Quis
1089 2993 1232 3051 fluviorum
1244 3011 1299 3050 non
1313 2994 1386 3052 omni
1400 2993 1556 3052 siccabatur
1569 2995 1664 3053 fontc‘f

1007 3080 1044 3136 Et
1056 3097 1148 3136 semen
1162 3079 1190 3138 in
1204 3081 1329 3140 Cererem
1341 3083 1372 3154 (i.
1383 3099 1406 3139 e.
1417 3082 1444 3138 in
1453 3085 1684 3156 attenuatam,
1696 3100 1769 3140 com-

1224 3169 1394 3242 [burebatur,
1409 3177 1438 3226 et
1451 3170 1596 3228 nonnullus
1610 3169 1768 3228 immensum

1009 3254 1112 3312 aridam
1124 3260 1187 3327 μοι·
1201 3272 1260 3313 cam
1275 3256 1386 3314 deflevit
1394 3257 1475 3331 juxta
1487 3256 1572 3314 falces
1585 3256 1715 3332 agricola,

1009 3359 1102 3400 serens
1115 3342 1143 3399 iu
1156 3342 1264 3417 ingrato
1276 3346 1342 3410 solo,
1354 3344 1509 3419 frustraque
1520 3344 1573 3401 sub
1584 3361 1667 3401 curvo
1679 3351 1769 3402 aratm

1009 3440 1117 3490 taurum
1131 3430 1311 3506 subjungens,
1326 3432 1433 3506 subque
1448 3431 1537 3489 sidere
1555 3448 1609 3506 quo
1623 3431 1770 3490 exsolvun-

1604 3520 1661 3593 [tur
1674 3519 1768 3588 bores,

1009 3605 1117 3663 inflexis
1136 3605 1263 3663 masculis
1281 3606 1411 3664 memhris
1424 3625 1486 3663 oum
1500 3607 1644 3665 laboriosis
1657 3607 1747 3665 bobus
1761 3625 1768 3664 ι

1008 3701 1082 3752 terra
1093 3710 1202 3768 quoque
1217 3693 1398 3768 subgemebat
1417 3694 1506 3752 omnis
1521 3694 1688 3752 malesanum
1705 3713 1770 3770 pro-

1559 3786 1632 3858 [pter
1645 3801 1769 3859 puerum.

1010 3877 1038 3928 et
1050 3877 1115 3926 tunc
1129 3885 1182 3944 ego
1195 3868 1260 3944 igne
1273 3870 1364 3927 lumen
1377 3871 1497 3928 exstinxi
1510 3890 1517 3929 :
1531 3889 1565 3928 ns
1573 3873 1630 3946 jam
1644 3871 1693 3930 fllii

1010 3957 1444 4028 defleasluctuosurnexitium‚tui
1452 3959 1559 4034 sadage
1567 3978 1659 4018 curam
1667 3962 1772 4033 mundi,

1010 4063 1045 4103 na
1059 4045 1167 4121 quando
1183 4063 1280 4103 manus
1298 4064 1364 4104 meaa
1382 4047 1564 4105 ardentiorem
1579 4049 1686 4106 beatam
1706 4068 1771 4107 con-

1663 4135 1770 4211 [cipias.

1011 4221 1100 4278 Nosce
1110 4220 1310 4280 calestisJovis
1320 4229 1437 4279 mentem
1448 4240 1455 4278 :
1466 4240 1531 4290 non,
1540 4241 1591 4297 per
1600 4223 1671 4280 enim
1683 4224 1771 4299 ipsam

1011 4309 1128 4377 Rhoan,
1143 4308 1217 4366 aliud
1230 4309 1314 4366 hocce
1328 4309 1456 4368 miserius
1469 4310 1538 4368 vidit
1551 4310 1682 4387 Olympus
1698 4330 1705 4370 ι

1011 4396 1128 4454 mundus
1146 4413 1233 4467 meus,
1249 4397 1318 4454 fides
1336 4404 1385 4455 tua
1400 4399 1431 4473 (i.
1452 4416 1475 4457 e.
1492 4406 1546 4456 tue
1563 4399 1627 4456 fidei
1641 4401 1772 4474 creditus)

1498 4486 1640 4560 [preclara
1653 4505 1698 4544 res
1709 4487 1771 4546 fuit.

1011 4573 1120 4630 Abeant
1128 4590 1189 4646 quae
1199 4572 1276 4648 prius
1285 4572 1752 4647 fuere,posteriorarecondemente
1764 4593 1770 4630 :

1011 4677 1066 4718 non
1079 4667 1145 4718 tuus
1158 4667 1202 4717 est
1216 4679 1223 4718 ε
1243 4677 1374 4735 equorum
1388 4661 1459 4718 enim
1473 4661 1609 4720 infinitum
1622 4679 1676 4718 non
1691 4662 1773 4719 robur

1676 4750 1772 4823 [nouit.

1012 4838 1179 4896 habenarum
1188 4855 1277 4912 neque
1285 4837 1382 4896 habuit
1391 4838 1437 4912 qui
1448 4838 1690 4896 valde-consultum
1703 4856 1773 4912 opus

1608 4927 1772 5002 [perficeret.

1012 5016 1024 5072 I
1038 5032 1105 5091 ergo
1119 5033 1201 5086 nunc,
1215 5033 1312 5073 rursus
1325 5016 1455 5072 mundum
1469 5015 1633 5092 aggredere,
1648 5031 1683 5071 ne
1696 5021 1773 5070 tuurn

1680 5102 1776 5175 [decus

1012 5195 1108 5252 alienis
1122 5194 1247 5252 manibus
1259 5195 1355 5262 dedas,
1368 5201 1400 5252 ut
1411 5194 1456 5269 qui
1473 5191 1608 5250 imbecilla
1620 5189 1734 5248 fecisses
1746 5218 1755 5246 2

1013 5285 1060 5342 uni
1073 5283 1125 5342 tibi
1137 5285 1212 5360 ignei
1228 5285 1368 5342 festinanti
1382 5283 1475 5340 circuli
