4076 6022
273 422 312 482 58
731 431 991 494 ANTHOLOGIAE
1012 433 1164 495 GRAEGAE
1184 433 1414 497 nnrnnntcts

274 555 417 700 ἀρχιερεύς
432 556 609 626 θεόπνευστος
624 559 753 638 ἐδείματο
769 563 873 628 κάλλος
889 567 1005 644 ἄμετρον

220 727 221 730 Ἴ
275 640 285 720 [
308 643 462 724 ντίπατρ]ος
472 647 641 726 κλυτόμητις
653 649 840 731 άεθλοφόρους
855 654 913 730 μετ’
926 656 1043 731 ἀγῶνας,

274 729 410 788 κυδαίνων
428 735 555 812 μεγάλως
570 736 729 819 θεομητυρα
744 740 877 820 παρθένον
892 744 979 818 άγνην

244 825 259 872 5
274 821 382 897 Μαρίαν
398 821 570 900 πολῦϋμνον,
588 830 738 904 ἀκήρατον,
753 827 944 906 άγλάοδωρον.

569 1249 637 1308 358.
655 1259 752 1309 AhtO.

272 1361 361 1434 Ᾰλλοι
377 1380 425 1455 μέν
444 1376 576 1453 βασιλῆες
591 1381 755 1458 ἐτιμήσαντο
771 1380 902 1448 θανόντας

274 1468 381 1545 ἀνέρας,
396 1463 433 1522 ὧν
448 1469 565 1540 ἀνόητος
580 1470 628 1541 έην
644 1473 736 1535 πόνος·
753 1469 888 1549 ἡμέτερος
902 1467 932 1526 δέ

185 1542 199 1578 ⁰
274 1553 400 1627 εύσεδίην
415 1561 591 1634 σκηπτοῦχος
606 1543 785 1624 Ῐυυστινιανός
799 1555 885 1625 ἀέξων

275 1645 387 1723 Σίργιον
401 1644 544 1722 αίγλήεντ.
559 1643 638 1724 δόμῳ
654 1645 806 1726 θεράποντα
820 1650 942 1727 γεραίρω
983 1646 1045 1727 [των

245 1743 259 1790 5
273 1733 389 1810 Χριστοῦ
403 1732 623 1811 παμμεδέοντος·
644 1735 690 1792 τόν
706 1737 739 1792 ού
751 1738 837 1816 πυρός
851 1736 937 1814 ἀτμός
956 1739 1046 1794 άνάπ-

274 1825 307 1878 οὐ
321 1819 406 1899 ξίφος,
424 1825 479 1902 οὐχ
492 1825 569 1903 ἑτέρη
590 1823 716 1900 βασάνων
732 1821 861 1904 έτάραξεν
877 1827 997 1902 ἀνάγκη,

274 1909 349 1966 ἀλλὰ
362 1909 425 1967 θεοῦ
440 1910 570 1983 τίτληκεν
587 1913 654 1991 ύπέρ
670 1914 796 1992 Χριστοῖο
812 1911 948 1992 δαμῆναι,

274 2000 371 2076 αίματι
384 1999 532 2079 κερδαίνων
550 1999 636 2078 δόμον
653 2003 784 2080 ούρανοῦ.
799 1987 869 2059 Ᾰλλ’
886 2005 925 2058 ένὶ
938 2004 1019 2058 πᾶσιν

273 2090 414 2166 κοιρανίην
430 2087 565 2165 βασιλῆος
581 2093 746 2168 ἀκοιμήτοιο
762 2085 890 2168 φυλάξαι,

229 2197 259 2247 pp
272 2179 320 2233 καί
334 2180 433 2254 κράτος
447 2173 576 2249 αύξησειε
592 2176 750 2257 θεοστεφέος
764 2177 919 2258 Θεοδώρας,

271 2263 307 2338 ἧς
319 2269 382 2331 νόος
397 2263 508 2344 εύσεῦίη
524 2263 710 2345 φαιδρύνεται,
726 2264 761 2337 ἧς
774 2271 857 2333 πόνος
871 2269 915 2324 art

272 2358 327 2434 κᾴκ
341 2358 459 2413 κτεάνων
475 2352 635 2434 θριπ]τῆρες
649 2351 772 2434 ἀφειδέες
789 2357 854 2413 εἰσὶν
868 2357 980 2435 άγωνις.

567 2598 635 2657 359.
653 2605 750 2654 Abho,

274 2727 396 2799 Μείζονα
409 2732 458 2786 τοῦ
474 2732 618 2808 προτίροιο
633 2732 681 2786 σὺν
697 2728 864 2808 όσφαλίεσσι
878 2727 1022 2807 θεμέθλοις

275 2822 312 2885 τίς
327 2817 427 2898 ἔδαφος
440 2822 556 2874 νεύοντα
570 2819 703 2897 Γεώργιος
718 2817 793 2876 υίκον
809 2819 921 2897 ίγειρεν,

273 2891 444 2993 Ᾰντιπάτρου
459 2907 608 2988 γενετῆρος
621 2910 754 2985 ἀμείνονα
767 2913 873 2985 κόσμον
888 2909 999 2980 ἀνύσας,

277 3000 394 3078 μάρτυρι
409 3000 513 3078 Σεργίῳ
528 2995 699 3078 περικαλλέα
712 2998 780 3068 νηόν
796 2997 928 3062 ὀπάσσας.
946 2993 969 3074 †

569 3139 638 3199 360.
655 3149 750 3197 into.

274 3257 614 3351 discernebamus<
629 3275 662 3352 ia]
678 3272 828 3353 θρεπτήρια
843 3270 969 3352 [π]ά[τρη

276 3358 306 3430 ἐξ
321 3359 397 3418 ἰδίων
411 3359 567 3441 κα]μάτω[ν
582 3361 609 3440 ό]
624 3360 784 3440 Φιλάγριος,
802 3363 875 3440 ὄφρα
886 3365 983 3440 σαώσῃ

276 3451 344 3506 ἄστυ
358 3470 387 3506 τε
402 3451 450 3505 καὶ
462 3448 581 3528 ν]αέτας,
599 3451 644 3506 ότε
657 3452 791 3529 χείματος
803 3451 912 3505 ἵσταται
924 3447 1007 3528 ίύρ[η·

274 3537 382 3596 πολλόν
392 3537 516 3619 Χριστὸς]
528 3541 663 3618 ἄχραντος
672 3540 717 3595 ίπί
725 3542 825 3618 χρόνον
837 3538 945 3616 οὔνομα
954 3540 1036 3596 τοῦτο

245 3650 262 3699 5
275 3631 471 3707 παντοκράτωρ
491 3625 611 3706 ἀλό]χου
627 3648 656 3684 τε
674 3632 762 3706 μίνειν
777 3631 852 3684 νεύοι
866 3624 1022 3707 Θεοδώρης,

277 3985 316 4065 ii<
330 3997 377 4056 οία
390 4002 465 4056 ποιεῖ
477 4000 565 4065 πίστις
578 4001 598 4069 ἡ
614 4001 829 4070 Κωνσταντίνου,

276 4093 326 4145 τού
342 4091 487 4167 πατρικίου
499 4091 547 4145 καί
560 4091 743 4168 τριηράρχου,
761 4085 839 4154 ξέναί

278 4178 473 4256 Χρυσάργυρον
487 4179 541 4256 γὰρ
554 4179 600 4234 τόν
614 4176 748 4255 Γολγωθά
762 4174 890 4243 δεικνύει,

279 4265 414 4343 rolpoto
426 4269 536 4324 τοῦτον·
552 4269 666 4346 καὶγὰρ
682 4268 697 4323 ό
711 4270 830 4346 σταυροῦ
845 4270 938 4332 τύπος.

573 4419 644 4479 362.
666 4427 766 4476 ΑΛΛΟ.

280 4541 383 4632 Ωραῖον
399 4557 436 4619 είς
451 4557 545 4633 δρασιν
561 4551 643 4631 όφθέν
656 4553 687 4610 τδ
702 4548 786 4621 ξύλον

278 4647 371 4719 γεύσει
387 4663 420 4721 με
434 4647 526 4723 νεκροί
539 4647 587 4699 τοῦ
604 4641 668 4698 θεοῦ
683 4640 744 4698 κατ’
760 4643 862 4697 εἰκόνα·

584 4936 641 4986 362.
661 4951 750 4986 setun.

282 5038 407 5089 Pulcrum
421 5036 505 5090 videri
519 5053 561 5088 me
576 5045 665 5088 tamen
680 5043 759 5101 gustu
771 5043 851 5088 necat

282 5123 383 5188 lignum
396 5121 446 5174 Dei
461 5122 599 5189 pendentis
613 5121 647 5172 ad
661 5119 820 5187 imaginem

283 5215 379 5258 natura
392 5208 439 5258 sed
451 5207 541 5259 divine
554 5221 633 5272 quem
647 5205 768 5272 pulcrum
780 5205 854 5257 lacit.

283 5290 351 5342 Mihi
364 5292 419 5343 vite
433 5291 563 5351 christus.
575 5297 696 5342 mortuus
708 5305 789 5343 carne
800 5289 829 5341 in
840 5304 927 5342 cruce.

1101 567 1365 624 summussooerdos
1393 567 1606 625 a-deo-atuatus
1639 569 1787 628 edificavit
1811 573 1877 645 pul-

1467 659 1637 732 [crumopus
1653 655 1876 734 immensumque

1099 742 1247 818 Antipater
1259 745 1532 820 prudentia-inclitus
1544 756 1608 821 post
1620 747 1772 804 certamina
1785 749 1876 806 unde-

1599 837 1873 912 [premium-retulit,

1099 920 1428 994 magnegloria-ellerens
1439 924 1611 982 dei-metrem
1619 926 1756 1000 virginem
1767 935 1875 986 castam

1101 1006 1217 1064 Mariam
1231 1009 1541 1083 multum-decantatam,
1558 1013 1761 1086 intemeratam,
1779 1017 1875 1091 splen-

1549 1101 1874 1178 [didadona-lerentem.

1398 1257 1460 1312 ³58.
1481 1263 1581 1308 setun.

1100 1380 1153 1437 Alii
1168 1383 1280 1458 quidem
1294 1402 1375 1459 reges
1389 1386 1561 1442 honoravere
1574 1392 1699 1444 manuos

1101 1469 1185 1539 viros,
1200 1489 1316 1546 quorum
1328 1489 1422 1528 amens
1437 1479 1497 1530 erat
1510 1473 1589 1531 labor
1605 1492 1611 1530 :
1628 1483 1723 1533 noster
1738 1483 1832 1532 autem

1102 1557 1232 1631 pietatem
1247 1561 1402 1635 sceptriger
1414 1561 1587 1619 iustinianus
1598 1565 1747 1621 bonoribus
1765 1581 1876 1638 ungens

1101 1645 1229 1721 Sergium
1244 1649 1389 1723 splendida
1399 1649 1482 1705 domo
1495 1648 1625 1707 tumulum
1641 1659 1802 1709 muneretur

1101 1735 1204 1793 Christi
1220 1737 1468 1795 omnium-rectoris
1486 1754 1493 1794 :
1510 1755 1592 1813 quem
1610 1757 1665 1796 non
1689 1739 1765 1814 ignis
1785 1757 1876 1814 vapor

1730 1829 1875 1902 [adoreum

1101 1931 1152 1971 nec
1166 1914 1286 1989 gladius,
1301 1933 1356 1973 non
1371 1915 1426 1973 alia
1436 1923 1635 1974 tormentorum
1649 1917 1691 1974 vis
1703 1917 1837 1988 turbavit,

1102 2003 1150 2062 sed
1164 2004 1229 2060 tulit
1241 2004 1299 2061 Deo
1314 2021 1365 2080 pro
1380 2005 1492 2063 Christo
1506 2004 1604 2079 afiligi,

1102 2092 1237 2166 sanguine
1252 2109 1346 2149 eruens
1361 2092 1471 2149 domum
1486 2092 1553 2149 oeli.
1567 2093 1624 2149 Sed
1638 2093 1666 2149 in
1678 2093 1806 2150 omnibus

1101 2180 1245 2255 imperium
1259 2179 1335 2255 regis
1350 2180 1491 2255 vigilantis
1502 2180 1652 2248 custodiat,

1101 2276 1129 2326 et
1141 2269 1293 2344 potentiam
1304 2277 1407 2344 augeat
1420 2269 1649 2328 a-deocoronatar
1661 2270 1824 2340 Theodoro,

1101 2357 1180 2433 cujus
1191 2375 1269 2415 mens
1281 2357 1385 2432 pietate
1395 2357 1572 2428 illuminatur,
1585 2359 1665 2434 cujus
1675 2359 1754 2415 labor
1763 2377 1877 2434 semper

1102 2453 1177 2504 etex
1190 2447 1271 2504 bonis
1290 2445 1395 2506 alentes
1414 2465 1572 2522 non-parcas
1590 2454 1654 2504 sunt
1668 2449 1874 2508 contentiones.

1400 2599 1462 2654 ³59.
1483 2607 1583 2650 amno.

1102 2731 1235 2806 MaJorem
1249 2729 1341 2806 priore
1354 2748 1416 2788 cum
1427 2729 1548 2787 immotis
1563 2729 1749 2788 fundamentis

1102 2819 1131 2875 in
1145 2819 1210 2877 sede
1224 2837 1276 2876 sua
1289 2821 1428 2877 lebentem
1443 2818 1581 2893 Georgius
1595 2819 1706 2876 domum
1719 2819 1819 2889 crexit,

1102 2910 1150 2984 qui
1159 2909 1298 2984 Antipatri
1312 2908 1447 2984 genitoris
1457 2909 1597 2965 meliorem
1607 2917 1734 2967 ornatum
1744 2911 1877 2984 perfecit,

1103 3005 1131 3055 et
1144 2997 1258 3073 martyri
1271 2997 1371 3072 Sergio
1384 2997 1604 3073 valde-pulcrum
1619 2997 1749 3074 templum
1765 2999 1852 3057 dedit.

1402 3143 1463 3197 ὥθ’
1483 3149 1583 3193 fflUD'
1657 3181 1881 3258 [tionis-premia

1104 3270 1249 3330 Efficiebat
1265 3271 1349 3329 hocce
1365 3272 1577 3346 pulcrum-opus
1592 3289 1648 3327 suae
1663 3272 1759 3346 patrie
1774 3271 1879 3328 educa-

1104 3379 1140 3418 ex
1153 3361 1273 3436 propriis
1287 3360 1430 3419 laboribus
1443 3359 1616 3434 Philagrius,
1632 3367 1663 3416 ut
1676 3366 1800 3416 servaret

1104 3447 1200 3506 urbem
1211 3455 1240 3505 et
1254 3447 1367 3518 incolas,
1384 3449 1494 3523 quando
1511 3447 1610 3505 hiemis
1625 3448 1705 3505 adest
1716 3449 1806 3505 hore:

1104 3539 1230 3596 Christus
1240 3538 1399 3613 impollutus
1414 3538 1529 3596 multum
1542 3539 1572 3596 in
1583 3547 1694 3613 tempus
1707 3553 1807 3594 nomen
1824 3537 1883 3595 hoc

1104 3629 1278 3703 omnipotens
1288 3628 1588 3703 conjugisquemanere
1598 3634 1701 3685 annunt
1713 3627 1882 3697 Theodora,

1399 3869 1461 3925 ³61.
1482 3877 1581 3920 aurun.

1107 4004 1194 4074 Quam
1210 4003 1268 4060 sola
1278 4001 1344 4061 lacit
1357 4002 1427 4058 fldes
1441 4000 1624 4071 Constantini,

1106 4091 1215 4168 patricii
1230 4098 1259 4149 et
1270 4090 1425 4159 trierarchi,
1443 4088 1661 4146 extraordinaria
1673 4093 1702 4162 (ι’.
1715 4107 1738 4146 e.
1753 4087 1850 4160 mira)l

1107 4182 1149 4238 Ex
1164 4180 1426 4255 argentodeaurato
1440 4178 1512 4236 enim
1527 4178 1667 4252 Golgotba
1678 4183 1825 4248 monstrat,

1107 4270 1246 4346 Golgotha
1260 4270 1365 4327 huncce
1380 4288 1388 4327 :
1406 4267 1507 4326 etenim
1522 4267 1612 4324 crucis
1624 4267 1712 4325 lorma
1724 4273 1773 4324 est.

1403 4421 1466 4480 362.
1487 4431 1589 4476 aurun.

1109 4554 1238 4612 Pulcrum
1249 4560 1365 4629 aspectu
1376 4553 1465 4610 visum
1477 4552 1582 4627 lignum

1109 4641 1268 4720 gustatione
1281 4657 1324 4698 me
1340 4647 1446 4710 enecat,
1460 4640 1594 4697 adversus
1609 4637 1659 4696 Dei
1674 4638 1839 4713 imaginem,

1110 4933 1186 4982 Hanc
1197 4929 1272 4995 cujus
1286 4942 1376 4979 arcam
1387 4926 1493 4978 Romuli
1508 4929 1554 4976 re'x
1569 4925 1664 4992 imperi

1110 5017 1221 5084 pulcher
1234 5027 1333 5064 corona
1347 5011 1449 5076 fulgida
1461 5027 1492 5062 ex
1504 5010 1645 5061 virtutibus

1111 5099 1230 5166 pulcram
1241 5113 1299 5149 esse
1311 5095 1374 5147 tecit
1385 5093 1513 5160 gemmeis
1528 5094 1675 5161 fulgoribus

1112 5182 1196 5235 victor
1206 5197 1255 5248 per
1266 5180 1353 5247 ipsum
1367 5180 1541 5231 barbarorum
1553 5186 1580 5228 et
1592 5178 1749 5231 daemonum.

1822 5297 1885 5334 Μ.
