4034 6018
326 400 385 492 ἰιι

329 565 409 628 Ρινερ.
422 565 549 628 ιυοιιρλί,
564 567 594 620 λς
607 565 674 613 unde
687 564 809 618 Gallaeua.
821 567 895 614 (trec.
907 568 981 613 creir.
996 579 1020 628 p.
1039 565 1081 612 lt:

333 621 380 678 Ἦν
395 629 416 678 δ’
429 635 444 688 θ,
456 637 548 679 aedem.
562 631 581 677 sl
591 629 626 679 δεῖ
634 631 723 692 ὀμόσαι
740 632 775 692 τῷ
788 630 932 692 ἐπαγαγόντα
945 631 986 679 τόν
998 632 1082 690 θρκον.

330 724 359 734 -
379 697 424 744 Vs.
448 699 471 744 1.
493 697 716 759 Interpretabatur
733 709 834 760 quoque
851 694 962 759 Vigerus
982 711 988 743 :
1011 696 1085 744 Rhea

328 763 463 811 beatorum
478 769 562 810 mater
574 761 675 811 Τιίἀνιίει
685 760 781 810 divum.
795 760 879 810 Atilii
892 759 976 824 magis
988 760 1085 824 placuit

330 843 356 876 re
375 828 418 876 ι’πα
431 825 568 876 arbitranti
582 828 680 886 τιτηνίδι
697 841 745 891 pro
763 828 845 889 τιτήνη
860 825 982 890 positum,
998 825 1084 874 conie-

329 843 453 956 regatque
467 892 547 956 Orpb.
570 893 737 954 Ποιμότσίλτια
757 893 820 948 Ῥεά,
837 901 863 940 et
878 890 1034 953 Hesychium
1048 891 1083 938 ci-

330 959 401 1006 tabat
418 958 461 1021 qui
483 958 580 1016 τιτήνην
598 959 714 1022 repleam
737 956 858 1021 explicat.
875 984 904 993 -
924 955 1084 1019 Conjiciebat

330 1023 397 1071 idem
411 1023 516 1081 τιθηνίδι,
534 1023 625 1072 ecdem
639 1039 716 1073 sensu
731 1037 762 1072 ac
780 1024 870 1082 τιθήνη,
891 1023 958 1086 quod
977 1037 1007 1070 ea
1020 1023 1084 1071 Deo-

330 1103 386 1137 rum
396 1095 479 1138 mater
490 1095 517 1138 et
531 1088 614 1138 nutrix
629 1089 772 1139 dicebatur.

361 1219 463 1269 CXXV.
470 1219 546 1282 Apud
554 1220 673 1269 Lactant.
683 1221 798 1270 institut.
805 1219 848 1268 IV.
857 1220 894 1268 De
900 1234 960 1268 veru
966 1219 1081 1283 Supieul.

331 1287 359 1335 13
372 1299 406 1333 :u
425 1284 541 1334 Milesius
563 1286 657 1350 Apollo
675 1286 806 1335 consultus
824 1295 944 1334 utrumne
962 1285 1031 1334 Deus
1050 1300 1082 1334 an

328 1353 406 1400 borno
425 1350 510 1407 luerit,
535 1351 583 1399 boc
607 1350 683 1399 modo
702 1349 836 1415 respondit
859 1366 865 1398 :
888 1351 981 1409 θνητός
1002 1351 1081 1400 κτλ.»

330 1444 359 1452 -
375 1437 387 1461 ι
398 1414 515 1466 Milesius
526 1415 622 1480 Apollo
633 1431 685 1464 nou
695 1417 761 1464 alius
775 1423 840 1466 esta
852 1415 999 1478 Didymeec;
1013 1423 1084 1465 utrc-

328 1497 377 1544 que
393 1481 461 1530 enim
484 1481 639 1543 cognomine
658 1481 680 1530 is
699 1481 850 1545 designatur
868 1482 911 1546 qui
929 1481 1084 1530 Branchidis

329 1560 453 1610 responsa
472 1547 559 1596 dabat.
582 1565 595 1592 υ
616 1545 683 1596 Gall.
702 1547 759 1597 Ηοο
778 1548 911 1597 oraculum
930 1548 962 1596 ab
981 1546 1085 1595 bomine

329 1611 475 1662 Christiano
498 1613 637 1662 confictum
660 1609 772 1663 libenter
795 1613 916 1671 credam
937 1627 1084 1676 quanquam

330 1677 462 1726 contendit
475 1677 595 1726 Wolfflus
610 1677 669 1728 talis
681 1675 795 1728 auctoris
807 1693 864 1727 esse
881 1692 932 1726 non
948 1693 1033 1741 posse,
1048 1685 1086 1725 ut-

329 1751 387 1807 pote
402 1742 445 1808 qui
459 1761 472 1788 ιι
487 1758 534 1807 pro
548 1745 624 1806 σορός
639 1743 733 1793 saltem
748 1744 800 1798 θεός
818 1743 926 1792 dixisset
940 1751 965 1792 et
976 1741 1002 1792 in
1015 1743 1085 1806 judi·

328 1825 385 1858 cum
403 1808 559 1858 dementiam
570 1816 639 1858 esset
650 1808 776 1858 invectus.
793 1829 805 1852 u

362 1927 474 1976 CXXVI.
489 1925 564 1992 Apud
576 1927 694 1976 Lactant.
708 1928 792 1977 lmlit.
805 1927 862 1984 vll,
881 1927 918 1976 De
932 1927 989 1976 Vita
1000 1925 1083 1984 beatu.

330 1993 368 2051 13,
383 1991 451 2042 unde
466 1992 540 2056 petiit
556 1992 679 2050 (tattaeus,
696 1993 771 2042 Orac.
790 1997 864 2040 metr.
879 1996 928 2042 cet.
952 2005 978 2056 p.
1001 1991 1028 2040 11
1045 2006 1084 2056 sq.

329 2079 341 2104 ι
366 2057 465 2108 Polites
490 2058 594 2121 quidam
617 2057 746 2108 consuluit
768 2057 916 2121 Apollinem
944 2055 1084 2116 Milesium,

328 2131 446 2172 utrumne
461 2131 566 2172 maneat
576 2124 663 2173 anima
675 2131 734 2187 post
746 2134 867 2181 mortem,
879 2137 914 2172 an
924 2123 1083 2182 respiratum

328 2197 353 2238 et
366 2188 500 2251 respondit
519 2188 559 2237 his
578 2187 663 2238 verbis
684 2205 689 2236 :
705 2191 776 2252 Ψυχὴ
800 2189 842 2252 μὲν
868 2190 920 2238 κτλ.
938 2207 950 2232 ο
965 2189 1052 2236 -1ἐ,
1071 2191 1081 2236 l

327 2270 384 2319 sqq.
401 2253 439 2304 Cl.
455 2254 528 2319 Virg.
543 2255 607 2303 AEn.
622 2255 665 2314 Vl,
684 2256 728 2304 131
751 2269 828 2330 sqq...
846 2275 857 2302 υ
880 2253 1009 2312 Quantum
1032 2267 1084 2301 non

327 2319 402 2373 noxia
414 2335 524 2382 corpora
536 2321 648 2378 tardant,
661 2348 691 2357 -
704 2329 851 2384 terrenique
863 2320 985 2369 hebetant
1001 2325 1081 2376 artus,

328 2386 530 2451 moribundaque
541 2386 667 2435 membra.
675 2385 779 2434 -Ilinc
792 2385 1082 2449 metuuntcupiuntque‚

327 2453 424 2508 ilolent,
434 2453 597 2516 gaudentque
606 2467 614 2512 ς
623 2466 705 2516 neque
717 2464 796 2500 auras
807 2478 837 2488 -
849 2449 1005 2514 despiciunt,
1014 2451 1083 2498 clau-

328 2533 363 2568 ses
377 2516 490 2566 tenebris
500 2523 525 2565 et
535 2531 639 2566 carcere
652 2531 751 2568 caeco...
760 2517 849 2566 Donec
859 2516 938 2578 louge
954 2515 1018 2574 dies,
1029 2529 1084 2578 per·

328 2583 395 2632 lecto
417 2583 540 2647 temporis
564 2584 626 2658 crbe
649 2607 687 2619 -·
701 2589 848 2632 concretam
870 2581 964 2631 eremit
988 2582 1082 2639 labem,

326 2649 1082 2776 ttulit.{zlt¹¹t.v.lf¹²;.‘3¹¹.t.gtlululata

328 2806 358 2815 -
370 2779 407 2828 Cf.
425 2778 568 2828 inlr.Varia
582 2793 653 2828 orac.
670 2793 696 2828 n.
714 2779 761 2826 258
776 2780 896 2833 όθοίνατοτ
910 2779 969 2842 ψυχ.

360 2896 486 2946 CXXVII.
503 2897 579 2960 Apud
595 2894 691 2946 Julian.
713 2895 834 2960 imperat.
855 2896 937 2959 Epist.
956 2895 1022 2952 LXI,
1042 2911 1083 2944 sa-

328 2961 425 3012 cerdoti
437 2961 538 3011 cuidam
555 2961 584 3026 (i)
600 2959 644 3026 qui
657 2961 802 3024 subjectum
818 2960 869 3009 sibi
880 2960 1028 3010 ministrum
1042 2976 1083 3010 sa·

328 3042 400 3076 crum
423 3028 632 3078 verberaverat...
657 3029 705 3075 τῶν
730 3026 774 3076 τοῖι
804 3028 936 3086 Διδυμαίου
963 3027 1083 3076 δεσπότου

325 3095 443 3158 χρησμῶν
457 3093 607 3151 θπιὶκουσον,
622 3091 647 3140 εί
659 3109 699 3140 σοι
713 3093 796 3152 φανείη
809 3093 881 3140 πάλαι
896 3093 938 3153 μὲν
954 3093 1016 3156 ἔργῳ
1028 3109 1083 3142 νου-

327 3160 428 3216 θετήσας
444 3160 523 3212 καλῶς
540 3158 598 3211 τοὺς
613 3159 739 3214 Ἓλληνας,
756 3157 896 3213 ὕστερονδὲ
913 3157 971 3211 τοὺς
986 3174 1083 3222 σωφρο-

326 3223 427 3278 νοῦντας
441 3223 560 3272 διδάσκων
578 3223 628 3277 τοῖς
641 3223 730 3282 λόγοις,
745 3225 838 3272 Ὅσσοι
853 3222 877 3278 ἐς
890 3223 1014 3288 ἀρητῆρος
1030 3227 1081 3274 κτλ.

325 3316 358 3327 -
378 3291 410 3337 ‘0
425 3289 467 3348 μὲν
481 3283 524 3340 οθν
538 3290 591 3343 θεὸς
605 3290 634 3337 οὺ
654 3287 710 3342 τοὺς
727 3288 861 3343 τύπτοντας
877 3289 932 3337 οὐδὲ
947 3289 1004 3344 τοὺς
1017 3290 1083 3354 tept-

325 3360 420 3414 ζοντατ,
432 3350 491 3404 ἀλλὰ
502 3353 559 3408 τοὺς
572 3351 769 3418 ἀποστεροῦντας
781 3355 829 3402 τῶν
842 3355 918 3416 τιμῶν
935 3347 994 3404 eluci
1005 3355 1082 3428 [φησι]

326 3421 388 3476 θεοῖς
401 3419 530 3484 ἐχθρούς...
549 3419 622 3468 Tunc
636 3427 692 3468 erat
705 3418 823 3468 Julianus
840 3419 939 3468 oraculi
957 3419 1083 3482 Didymai

327 3486 506 3549 praefecturam
522 3483 638 3535 sortitus.

359 3615 495 3665 CXXVIII.
508 3615 546 3664 Ex
556 3615 675 3664 Lactaut.
688 3616 725 3665 De
738 3618 787 3676 ira,
796 3615 890 3677 XXIII,
903 3617 932 3663 ta
947 3631 953 3664 :
967 3637 979 3662 ι
990 3617 1084 3680 Apollo

326 3682 444 3730 Milesius
458 3681 489 3730 dc
500 3681 650 3730 Iudaeorum
669 3680 795 3744 religione
813 3682 946 3730 consultus
960 3697 1084 3746 responso

327 3749 382 3797 baec
394 3745 503 3796 indidit:
518 3739 574 3795 Είθε
587 3750 639 3795 κτλ.
653 3765 664 3790 ν
677 3774 707 3783 -
718 3747 762 3795 Vs.
779 3748 802 3794 1.
815 3746 885 3809 vulg.
898 3747 954 3807 ἡδὲς
967 3746 1084 3796 Struvius

326 3813 395 3877 conj.
409 3806 469 3870 οίθε,
485 3812 517 3861 G.
531 3812 621 3862 Wolff.
637 3811 763 3867 debellabo
779 3839 810 3848 —-
825 3815 866 3860 καί
880 3813 904 3866 ἐς
915 3814 1041 3878 γενετῆρσ,
1055 3829 1085 3861 ex

327 3877 379 3928 div.
399 3877 554 3941 Augustino,
572 3876 599 3926 iu
617 3877 693 3927 civit.
713 3877 772 3936 Dei,
786 3877 855 3934 xlx,
873 3877 904 3926 2³
926 3893 961 3926 :u
1053 3893 1084 3926 ac

326 3944 418 3994 deindo
431 3941 542 4006 subjecit
553 3941 647 4007 (quial)
661 3942 788 4007 Apollinis
801 3957 899 4000 versus,
914 3941 1045 4006 inquibus
1059 3952 1084 3992 et

326 4010 369 4058 isti
391 4016 459 4069 sunt,
474 4015 511 4066 ut,
534 4015 658 4072 quantum
681 4009 745 4057 satis
765 4015 813 4065 eet,
831 4007 891 4056 inde
913 4006 1051 4072 decerpam
1076 4024 1081 4056 :

328 4096 340 4119 ι
364 4077 392 4123 ln
413 4075 489 4123 ileum
506 4088 576 4135 cern,
594 4072 687 4136 inquit,
704 4077 881 4137 persecutorem
901 4076 926 4122 el
949 4075 976 4123 in
998 4088 1083 4138 repam

328 4145 388 4189 crue
401 4141 498 4200 omnin,
511 4153 586 4204 quem
596 4137 684 4188 tremit
697 4139 788 4188 caelum
803 4145 829 4186 et
841 4145 910 4187 terra
922 4143 999 4203 atque
1013 4154 1084 4188 mare

328 4217 352 4254 et
363 4205 523 4253 infernorum
536 4203 624 4253 abdita
637 4210 663 4252 et
676 4203 734 4267 ipsa
746 4203 853 4252 numina
866 4203 1083 4267 perhorrescunt:

327 4285 436 4336 quorum
456 4271 497 4319 lec
512 4273 651 4332 eriperer,
666 4283 741 4334 quem
761 4269 835 4318 uiride
855 4271 939 4318 sancti
957 4269 1085 4319 honorant

326 4335 433 4386 Hedraet’.
451 4353 462 4379 ι
479 4335 515 4383 Ex
530 4333 622 4397 quibus
638 4333 735 4384 ultimis
747 4333 833 4383 verbis
848 4341 970 4396 quartum
982 4349 1084 4383 versum

327 4400 364 4451 sic
380 4399 483 4449 refinxit
496 4400 526 4447 A.
544 4398 677 4448 Naucltius
691 4399 718 4447 in
736 4399 831 4448 Dium.
852 4400 933 4464 antiq.
949 4401 1082 4464 Μονριινρ.

326 4481 350 4518 a.
369 4467 442 4524 1855,
458 4482 483 4530 p.
500 4466 545 4512 110
560 4479 566 4511 :

375 4559 409 4617 ὧν
422 4565 498 4628 νόμος
509 4565 559 4613 ἐστὶ
573 4563 664 4627 πότηρ,
679 4563 748 4626 ἁγνοὶ
762 4563 788 4612 θλ
801 4564 894 4613 τίουσιν
915 4563 1025 4628 Ἐόραῑοι

330 4667 358 4715 V.
372 4667 438 4730 insta
454 4664 529 4712 Orac.
542 4677 567 4711 tt.
584 4664 629 4711 110
644 4678 650 4710 :
665 4663 736 4712 '‘Ecb'
751 4662 811 4728 ὑπθρ
825 4663 940 4727 οὐρανίου
951 4663 1005 4711 κτλ.
1018 4669 1044 4711 et
1059 4663 1083 4710 in

329 4731 397 4782 notis
413 4730 522 4782 cedreni
536 4736 641 4778 textum.

360 4851 472 4900 CXXIX.
482 4849 520 4897 Ex
533 4847 659 4910 Porphyr.
673 4845 733 4910 Περὶ
745 4847 788 4902 τῆς
800 4845 827 4893 ἐκ
836 4846 923 4906 λογίων
936 4847 1083 4908 φιλοσοφίας,

328 4917 397 4980 apud
413 4913 563 4972 Eusebium,
583 4913 666 4976 Praep.
684 4911 798 4975 evanpel.
819 4911 852 4970 V,
873 4911 887 4958 θ
909 4926 915 4958 :
938 4911 1021 4960 Ἐννέα
1038 4912 1083 4974 γὰρ

330 4983 460 5044 εὑρέθησαν
482 4978 651 5032 ἀποθανόντες·
674 4979 861 5038 πυνθανομένων
887 4983 944 5038 γοῦν
968 4979 1016 5025 τῶν
1043 4977 1083 5026 τόν

329 5047 402 5108 ἀγρὸν
418 5046 552 5095 οἰκούντων
570 5046 612 5102 τὴν
626 5044 710 5097 αίτίαν,
725 5041 826 5106 ἔχρησεν
841 5044 854 5090 ό
869 5041 921 5096 θεὸς
932 5043 955 5104 (d
968 5043 991 5090 ίν
1006 5047 1084 5107 Βραγ-

329 5113 403 5176 χίδαις
425 5111 562 5174 ’.θπόλλιονλ
577 5109 743 5176 Χρυσοκόμας
757 5107 809 5156 κτλ.

360 5229 460 5278 CXXX.
474 5229 569 5278 Zenob.
584 5229 659 5277 Prnv.
674 5227 706 5287 V,
719 5227 749 5274 80
766 5239 772 5273 :
787 5224 852 5274 Φασὶ
865 5223 922 5278 τοὺς
933 5225 1025 5287 Κᾶρας,
1038 5241 1083 5272 πο-

774 433 1034 493 ANTIIOLOGIAE
1056 433 1207 492 GRAECAE
1227 435 1451 495 APPENDlClS
1523 497 1530 508 ,

1138 565 1302 627 λεμουμόνονς
1311 567 1358 614 tae
1370 565 1472 630 Δαρείου
1485 565 1528 616 rbi
1540 568 1647 630 Dipsas,
1656 564 1720 614 κατά
1733 581 1787 614 τινα
1795 568 1881 615 παλαιὰν-

1140 633 1253 690 μανττίαν
1263 633 1390 694 εἰρημένην
1400 633 1483 686 αὐτοῖς
1494 631 1550 687 τοὺς
1558 627 1883 693 όιλκιμωτάτουςπροσθέσθα

1139 695 1293 760 συμμάχους,
1309 697 1382 746 ἐλθεῖν
1397 698 1429 752 είς
1443 698 1584 761 Βραγχίδας,
1597 698 1637 745 καὶ
1651 699 1692 745 τόν
1704 697 1760 745 ἐκεῖ
1773 697 1826 744 θεὸν
1836 698 1883 761 θρο-

1138 763 1221 820 iicet,
1237 763 1256 811 cl
1269 765 1400 818 Μιλησίους
1412 764 1557 826 πρόσθοιντο
1570 765 1724 826 συμμάχους·
1741 761 1785 810 τόν
1799 761 1823 810 δὲ
1835 759 1883 812 dac

1139 828 1274 891 κρίνασθαι·
1292 827 1400 877 Πάλαι...
1414 823 1493 882 Οὗτος
1505 828 1530 877 tl
1544 832 1558 878 ιλ
1569 830 1651 892 στίχος
1664 826 1761 891 εἴρηται
1772 828 1800 876 τὸ
1813 829 1885 891 πρότε-

1139 907 1180 954 ρον
1205 895 1271 954 παρὰ
1296 895 1451 958 Ἀνακρέοντι.
1469 894 1507 943 (11.
1527 893 1660 958 Aristopb.
1676 893 1815 942 scholiast.
1833 895 1845 940 0
1860 895 1885 942 ad

1138 957 1208 1008 Ρίαί.
1220 959 1291 1020 1002,
1300 957 1375 1008 Diod.
1384 959 1435 1008 Sic.
1448 958 1504 1016 vll,
1513 961 1541 1008 10
1551 960 1609 1008 Vat.
1623 959 1694 1008 cll.
1702 987 1734 996 —-
1744 959 1886 1008 Aristoteles

1138 1038 1181 1087 up.
1196 1024 1292 1073 Athen.
1308 1025 1364 1084 Xll¹
1383 1027 1424 1083 26,
1437 1040 1462 1089 p.
1482 1027 1528 1073 523
1543 1026 1574 1080 F.
1592 1024 1656 1074 dicit
1669 1025 1718 1074 hcc
1732 1027 1886 1088 proverbium

1138 1104 1196 1138 esse
1210 1091 1242 1138 de
1256 1089 1375 1148 Milesiis,
1392 1105 1443 1154 quo
1459 1089 1515 1154 jam
1533 1088 1615 1141 utitur
1631 1088 1825 1154 Aristophanes
1842 1090 1887 1154 ipse

1138 1155 1205 1204 rtur.
1223 1156 1285 1204 tuoe
1303 1161 1328 1204 et
1346 1157 1419 1214 1076,
1437 1157 1509 1220 λἰιμ.
1532 1155 1673 1205 1011011111
1695 1155 1775 1206 multi
1794 1165 1822 1204 ut
1840 1173 1889 1220 pro

1138 1220 1252 1270 verbium
1271 1220 1418 1271 laudavere.

1171 1351 1284 1400 CXXXI.
1295 1351 1490 1416 ApudAppian.
1511 1354 1548 1403 Ile
1560 1352 1618 1402 beli.
1628 1355 1688 1418 Spr.
1704 1356 1764 1405 LVI
1779 1365 1806 1405 et
1818 1359 1888 1408 LXIII

1139 1415 1177 1464 ed.
1193 1416 1341 1481 ScbvveIgh.
1358 1434 1363 1466 :
1380 1419 1483 1478 Λόγεται
1493 1419 1514 1466 θ’
1531 1420 1598 1481 αὐτῷ
1611 1419 1744 1486 (Σελεύκῳ)
1759 1426 1889 1487 στρατιώτῃ

1138 1484 1258 1545 βασιλέως
1272 1483 1306 1530 ἔτι
1319 1486 1381 1541 θντι,
1392 1487 1432 1533 καθ
1444 1485 1482 1534 ἐπὶ
1496 1486 1592 1547 Πέρσας
1610 1487 1733 1550 turpiter.
1749 1492 1858 1552 χρησμόν
1871 1493 1889 1538 ἐν

1138 1547 1258 1610 Διδυμιίω
1268 1550 1379 1610 γενέσθαι
1391 1551 1564 1614 πυνθανομένῳ
1573 1551 1628 1614 περὶ
1638 1555 1681 1611 τῆς
1693 1553 1727 1608 εἰς
1742 1557 1888 1605 Μακεδονίαν

1139 1613 1267 1662 ἐπανόδου·
1283 1616 1428 1672 Minucios
1444 1618 1497 1665 κτλ.
1514 1643 1544 1653 -
1561 1615 1598 1664 ct.
1618 1618 1681 1680 infr.
1697 1634 1724 1666 u.
1740 1620 1799 1666 011.

1173 1744 1296 1793 CXXXII.
1313 1746 1351 1794 Ex
1363 1746 1498 1795 Plutarch.
1510 1747 1637 1810 Lysandr.
1649 1749 1746 1808 XXIX,
1759 1750 1831 1800 dedit
1839 1752 1890 1800 Gal-

1140 1810 1213 1867 laeus,
1222 1808 1249 1858 in
1260 1811 1336 1860 Orac.
1345 1815 1418 1861 metr.
1431 1825 1456 1872 p.
1468 1813 1506 1860 13.
1519 1813 1599 1862 —Va
1609 1815 1631 1862 1.
1646 1815 1723 1877 vulgo
1733 1817 1821 1865 λύκου.
1835 1818 1891 1864 (θοι-

1140 1876 1212 1926 riuus
1222 1877 1333 1938 legebat,
1341 1883 1368 1924 ut
1378 1877 1471 1940 exejus
1479 1875 1597 1927 versione
1608 1889 1728 1943 apparet,
1738 1883 1889 1938 σκυλάκεσσι,

1140 1949 1166 1991 et
1183 1956 1230 2004 pro
1243 1940 1348 1991 nomine
1362 1942 1468 2006 proprio
1480 1943 1592 1992 babebat
1614 1947 1758 2008 Ἐσχστιὰν.
1776 1974 1806 1983 -
1819 1949 1860 1996 Vs.
1870 1950 1888 1996 1.

1140 2023 1187 2070 pro
1201 2007 1341 2070 Ὀρχαλίδην
1351 2007 1506 2058 Plutarchus
1512 2009 1578 2072 ipse,
1587 2013 1624 2059 De
1629 2012 1703 2074 Ρμθθ.
1713 2013 1890 2068 croclIXl'll,

1139 2071 1243 2136 scripsit
1255 2074 1394 2137 Ἀρχελίθην.
1402 2073 1474 2123 Idem
1480 2075 1537 2138 Lps.
1548 2073 1609 2125 ibid.
1622 2076 1654 2126 de
1666 2077 1716 2126 boc
1726 2078 1846 2128 oraculo:
1855 2082 1891 2128 ,ιε’-

1137 2138 1295 2266 ιοιθθθ
1307 2139 1422 2265 θέοι
1433 2139 1890 2270 atanaricum

1138 2268 1228 2334 μάχην,
1243 2269 1284 2318 καὶ
1304 2271 1347 2328 τὴν
1361 2273 1421 2334 πρός
1439 2269 1550 2336 Ἀλιάρτῳ
1569 2273 1660 2330 ταύτην
1678 2227 1776 2332 θκείνηρς
1798 2260 1889 2339 ὕστερον

1137 2336 1186 2385 Iret
1194 2337 1332 2401 τριακοστῷ
1339 2337 1666 2402 γενομένην,προμηνόοντα.
1684 2331 1733 2388 'lla
1744 2340 1771 2388 δὲ
1780 2347 1889 2395 τοιοιλτιπΙ

1145 2401 1276 2464 Ἐσχατιὰν
1292 2404 1343 2449 κτλ.
1357 2401 1404 2450 Τὸν
1416 2402 1458 2462 μὶν
1473 2395 1516 2452 cdv
1527 2405 1582 2468 trapi
1594 2405 1680 2462 Arilica
1694 2403 1772 2453 τόπον
1787 2406 1890 2470 ἔσχαται

1136 2467 1263 2526 προσεῖπε,
1278 2467 1332 2514 καθ’
1348 2464 1404 2527 ἣνη
1418 2469 1524 2516 Βοιωτία
1537 2475 1566 2533 τῇ
1590 2471 1682 2534 Ἀττικῇ
1702 2471 1811 2533 σύνορός
1823 2471 1888 2520 ἐστιν.

1146 2533 1288 2597 Ὀρχαλίδην
1307 2533 1332 2581 tl
1349 2533 1433 2593 λόρον,
1453 2531 1480 2582 ὃν
1498 2539 1540 2583 νῦν
1570 2537 1706 2585 Ἀλώπεκον
1727 2535 1852 2598 καλοῦσιν,
1869 2539 1889 2586 b

1138 2599 1187 2653 τοῖς
1199 2597 1259 2660 πρός
1269 2597 1309 2647 τόν
1328 2599 1447 2647 ‘mirare
1458 2599 1542 2665 μέρεσι
1556 2599 1600 2650 ruit
1617 2602 1750 2666 ‘Alm'prcu
1761 2604 1876 2662 κείμενοι.

1149 2775 1158 2788 ,
1170 2727 1306 2776 CXXXIII.
1320 2727 1356 2776 Dr
1370 2727 1445 2778 Diod.
1461 2727 1513 2778 Sic.
1525 2731 1605 2790 XVII,
1615 2733 1655 2781 10.
1665 2733 1725 2780 Vid.
1740 2748 1812 2798 capr.
1822 2734 1888 2782 Orac.

1138 2793 1228 2858 Apoll.
1247 2795 1321 2856 Pytb.
1337 2797 1377 2842 91.
1390 2796 1493 2856 Σημεῖόν
1509 2795 1563 2844 τόδε
1578 2800 1631 2845 κτλ.
1713 2829 1716 2834 -

1171 2913 1308 2962 CXXXIV.
1330 2913 1382 2962 Dat
1401 2915 1515 2964 Pausan.
1530 2915 1586 2973 1111,
1602 2931 1627 2973 ν,
1643 2917 1657 2964 3
1674 2931 1680 2965 :
1697 2916 1781 2967 Clarii
1800 2917 1888 2982 Apolli-

1138 2977 1178 3027 nis
1196 2978 1328 3028 redditum
1347 2981 1480 3028 oraculum
1499 2980 1639 3042 Smyrnaeis
1656 2983 1851 3032 consulentibus
1864 2983 1890 3032 ds

1138 3044 1248 3093 consilio
1262 3059 1315 3094 cute
1334 3043 1405 3094 urbis
1423 3046 1450 3094 in
1466 3046 1567 3110 Pagum
1580 3054 1694 3096 montem
1708 3048 1889 3099 transferenda

1137 3109 1202 3159 inito
1216 3111 1250 3160 ab
1264 3109 1420 3169 Alexandro,
1436 3119 1495 3175 post
1511 3112 1640 3161 somnium
1656 3112 1683 3160 in
1702 3128 1755 3176 quo
1775 3116 1890 3165 Nemetes

1138 3190 1247 3239 quarum
1257 3175 1332 3239 juxta
1345 3175 1433 3225 lanum
1445 3176 1600 3236 dormiebat,
1616 3177 1642 3226 id
1653 3177 1769 3242 jussisse
1786 3181 1890 3228 videren-

1138 3249 1188 3290 tur.
1203 3269 1233 3277 -
1249 3241 1312 3290 Inde
1330 3241 1403 3306 petiit
1419 3241 1542 3302 (Iudaeus,
1562 3244 1637 3292 Orac.
1653 3247 1729 3294 metr.
1747 3249 1798 3296 uei.
1813 3261 1837 3310 p.
1857 3247 1889 3293 11.

1170 3361 1295 3409 CXXXV.
1305 3361 1421 3410 Macrob.
1433 3360 1563 3422 Saturni,
1575 3362 1620 3411 tt:
1632 3383 1644 3407 e
1653 3363 1796 3414 consultus
1805 3363 1890 3428 Apollo

1138 3424 1247 3482 Clarius,
1262 3425 1305 3488 qui
1318 3426 1431 3475 Deorum
1446 3427 1580 3477 habendus
1596 3427 1639 3488 sit,
1652 3427 1696 3492 qui
1708 3437 1819 3478 ineatur
1830 3429 1888 3482 Ἰάσι.

1138 3490 1174 3539 ita
1190 3491 1283 3540 effatus
1302 3499 1342 3541 est
1363 3508 1368 3541 :
1388 3495 1480 3569 Ὀργια
1499 3493 1541 3554 μὶν
1565 3495 1618 3541 κτλ.
1634 3511 1646 3536 ιι
1664 3513 1677 3538 ι
1697 3494 1784 3557 Hujus
1801 3495 1888 3544 oraculi

1137 3556 1197 3613 viru.
1210 3557 1322 3606 numinis
1334 3559 1496 3620 nominisque
1506 3557 1756 3620 interpretationem,
1766 3559 1890 3625 quaLiber

1138 3629 1211 3684 pater
1221 3627 1246 3670 et
1258 3623 1297 3671 tol
1315 3623 1373 3672 ’lein
1383 3623 1553 3697 significatur,
1568 3631 1703 3673 exsecutus
1713 3633 1753 3674 est
1764 3624 1889 3676 Cornelius

1138 3687 1223 3736 Labeo
1242 3687 1268 3735 in
1287 3687 1354 3738 librc
1373 3702 1415 3736 cui
1432 3688 1521 3738 titulus
1540 3697 1579 3737 eet
1598 3689 1635 3739 Dc
1651 3689 1755 3740 oraculo
1772 3691 1890 3757 Apollinis

1139 3753 1229 3802 Clarii.
1251 3773 1262 3796 u
1272 3753 1311 3802 ld.
1325 3752 1388 3802 idid.

1171 3871 1391 3936 CXXXVLApud
1406 3872 1502 3922 Euseb.
1516 3871 1542 3922 in
1561 3873 1643 3936 Praep.
1657 3887 1695 3923 eu.
1714 3875 1746 3928 λ’,
1757 3877 1799 3934 22,
1810 3891 1834 3938 p.
1847 3876 1887 3921 011

1137 3935 1190 4001 (ed.
1204 3937 1275 4001 vig.)
1293 3937 1435 3986 OEnomaus
1458 3938 1529 4000 φησίν
1548 3940 1635 3986 ἑαυτὸν
1656 3941 1704 3987 ὑπὸ
1725 3939 1770 3989 τοῦ
1789 3941 1887 4003 Κλαρίου

1145 4003 1290 4059 Ἀπόλλωνος
1302 4004 1470 4062 ὴπατῆσθαι...
1486 4003 1597 4052 «sinim
1610 4005 1708 4052 oraculi
1724 4021 1777 4055 non
1794 4005 1888 4058 attulit:

1137 4066 1207 4117 idem
1224 4082 1376 4130 responsum
1392 4079 1468 4118 autea
1478 4068 1628 4118 Callistrato
1638 4069 1749 4120 Pontico
1758 4069 1889 4122 mercauri

1139 4132 1226 4184 datum
1242 4148 1298 4182 esse
1317 4133 1398 4184 addit.
1412 4151 1423 4177 u
1442 4133 1513 4184 Gusl.
1532 4133 1619 4200 Wolff.
1634 4163 1665 4171 -
1680 4135 1740 4186 Vid.
1753 4151 1810 4202 seq.
1825 4151 1888 4186 crac.

1171 4251 1319 4300 CXXXVII.
1334 4251 1411 4314 Apud
1426 4252 1521 4300 Euseb.
1534 4250 1561 4301 iu
1574 4253 1655 4317 Praep.
1671 4267 1709 4303 ec.
1725 4255 1758 4314 λ’,
1776 4257 1816 4304 23.
1833 4256 1888 4303 Per-

1139 4315 1177 4380 git
1194 4317 1336 4366 OEncmaus
1354 4315 1424 4380 (Vid.
1441 4317 1552 4382 praeced.
1574 4317 1684 4382 oracul.)
1701 4334 1707 4367 t
1731 4321 1799 4370 ’Erret
1817 4322 1842 4369 δέ
1855 4335 1889 4380 μοι

1137 4385 1168 4430 τό
1186 4383 1229 4439 τῆς
1247 4382 1364 4444 ίμτιορίατ
1380 4382 1426 4442 ἤδη
1445 4387 1492 4447 πρό
1514 4383 1572 4432 ὁδοῦ
1588 4379 1627 4445 ἦν,
1642 4380 1728 4449 ἀνδρὸς
1743 4385 1770 4434 δὲ
1789 4385 1835 4434 ἔδει
1852 4389 1889 4432 τοῦ

1138 4448 1348 4509 ξεναγωγὴσοντος
1362 4447 1400 4496 tat
1416 4450 1458 4505 τὴν
1475 4451 1569 4510 σοφίαν,
1585 4449 1677 4512 ἄπορος
1689 4450 1715 4498 di
1730 4451 1840 4515 θραίνττο
1852 4442 1888 4498 cti·

1138 4529 1187 4568 τος,
1208 4513 1236 4561 ci
1254 4513 1460 4576 (lectitaveris
1491 4513 1605 4578 Κλάριον)
1626 4515 1726 4577 ίθεόμην
1746 4517 1789 4564 καί
1806 4517 1888 4565 τούτου

1138 4579 1247 4637 γενέσθαι
1262 4579 1392 4635 ἐνθείκτην.
1411 4580 1498 4628 -115,
1516 4583 1538 4627 1.
1551 4579 1627 4642 vulg.
1647 4582 1756 4644 Ἆχαιοῖς.
1775 4583 1886 4631 Hnlsten.

1139 4644 1166 4690 τὸ
1178 4644 1257 4707 χρέος,
1272 4644 1315 4706 qui
1327 4651 1410 4692 totum
1421 4659 1523 4694 versum
1537 4644 1575 4693 sic
1587 4645 1756 4695 reficiendum
1770 4648 1886 4711 putabat:

1172 4738 1217 4785 ’Ἓν
1230 4751 1256 4784 τε
1269 4737 1344 4784 τοῖσιν
1358 4738 1511 4799 εὐμελὲεσσιν
1524 4737 1563 4796 ηδ’
1582 4738 1682 4802 Ἀχαιοῐς
1694 4738 1722 4787 τό
1735 4741 1817 4804 χρέος.

1138 4838 1182 4885 Vs.
1192 4839 1215 4885 2.
1223 4836 1303 4886 Codd.
1317 4836 1372 4886 οὐδὲ
1381 4837 1436 4900 μίαν
1453 4839 1643 4900 σκομρυίζεται,
1664 4854 1709 4888 seu
1725 4841 1885 4904 σκομρίζετσι,

1138 4916 1160 4950 s.
1183 4904 1357 4965 σκομρύζεται,
1382 4903 1489 4966 οὐδὲμιν,
1506 4903 1561 4953 οὐδὲ
1577 4906 1637 4967 μήν.
1664 4933 1694 4942 -
1709 4905 1784 4956 Gust.
1805 4905 1886 4954 Wolff.

1138 4967 1293 5030 conjiciebat

1173 5060 1218 5106 ’Ἕν
1231 5075 1258 5119 γε
1271 5059 1346 5109 τοῖσιν
1358 5061 1486 5121 εὐμελέσσι
1500 5061 1541 5110 τόν
1555 5062 1579 5110 δ’
1599 5063 1736 5128 Ἀχαιοῖσιν
1750 5065 1826 5128 χρεὼν

1170 5125 1277 5180 θήσεται·
1294 5124 1321 5172 τό
1334 5125 1355 5173 θ’
1368 5125 1531 5191 ίιιτεκμαρθὲν
1547 5127 1598 5178 οὐδ’
1613 5128 1673 5192 Ipsis
1686 5130 1749 5178 κλὼν
1762 5131 1873 5192 peilatau

1138 5224 1275 5274 'l'rochalci
1287 5231 1346 5274 sunt
1358 5242 1456 5277 versus.
