4062 6018
584 455 711 514 CAPUT
729 454 767 514 ll.
789 453 1071 518 EPIGRAMMATA
1093 457 1367 522 SEPULGRALIA.

467 588 536 648 tat.
549 596 648 645 mo,

175 718 238 776 Οὐκ
248 716 349 793 ῖθανες,
365 719 476 798 Πρώτη,
492 717 607 798 μετίθης
619 720 645 778 θ’
657 724 684 788 ἐς
695 725 827 800 ἀμείνονα
836 723 940 801 χῶρον,

174 809 225 863 καί
235 809 319 874 ναίεις
410 827 463 887 ρων
474 812 576 880 νόσους
589 809 674 890 θαλίῃ
690 813 729 869 ut
741 810 847 890 πολλῇ,

175 891 243 952 Mc
255 895 316 954 κατ’
373 899 455 954 υσίων
465 894 565 956 πεδίων
580 903 715 978 σκιρτῶσα
724 897 845 978 γίγηθας

176 983 284 1042 όνθεσιν
298 987 326 1042 ῖν
340 984 499 1065 μαλακοῖσι,
515 991 606 1044 κακῶν
620 986 745 1046 ίκτοσθεν
759 989 896 1044 ἀπόντων·

141 1075 157 1120 ⁵
175 1077 210 1130 οὐ
224 1074 330 1152 χιιμιθν
340 1073 424 1131 λυπεῖ
436 1075 473 1143 σ’,
489 1075 522 1133 cb
537 1076 634 1154 καῦμ’,
651 1078 684 1133 οὐ
698 1079 795 1141 νοῦσος
808 1073 926 1154 ἰνοχλιῖ,

175 1164 210 1220 eb
223 1165 304 1234 πιίνη
318 1163 355 1234 σ’,
370 1165 403 1219 σθ
417 1160 497 1242 δίψος
510 1163 568 1243 ίχει
580 1163 617 1221 σ’·
631 1163 697 1222 ἀλλ’
709 1161 774 1221 otte
787 1161 911 1228 πσθιινθς

177 1249 326 1330 ἀνθρώπων
341 1251 380 1306 ἔτι
394 1270 438 1307 σοι
452 1249 553 1328 βίοτος·
570 1249 648 1322 ζώεις
658 1253 712 1331 γὰρ
724 1253 875 1329 όμόμπτως

177 1342 276 1416 αὐγαῖς
288 1340 316 1396 ἐν
331 1335 493 1418 καθαραῖσιν
507 1323 644 1418 θλόμπου
658 1338 778 1412 πλησίον
793 1339 880 1405 όντος.

468 1667 538 1728 tta.
553 1675 651 1726 mo.

173 1799 264 1855 Τοῦτο
274 1799 329 1877 γὰρ
341 1799 369 1853 όν
383 1793 492 1866 ζωοῖσιν
506 1800 649 1877 ἰσώνυμον
662 1800 723 1856 icas
735 1800 845 1876 γυναικί

175 1886 277 1942 εῖνεκεν
288 1882 324 1958 ἧς
337 1888 438 1965 ἆρον-ῆς
449 1887 498 1944 καί
510 1890 687 1966 σωφροσύνης
702 1885 769 1966 μόλ’
785 1887 907 1965 ἀρίστης.

174 1968 260 2039 'retia
275 1970 306 2030 δθ
318 1970 398 2031 τόνδε
410 1977 497 2054 τόφον
511 1973 600 2053 φίλιος
612 1978 691 2042 πόσις
702 1975 842 2056 Εθτροπος
854 1975 926 2053 αὐτῇ

174 2057 203 2118 ot
216 2061 242 2116 ι)
254 2063 339 2140 αὐτῷ,
356 2060 515 2140 μετόπισθεν
527 2062 601 2129 όπως
614 2064 676 2142 ίχοι
689 2061 866 2141 ἀμπαύεσθαι

144 2154 226 2211 τοῦν
241 2149 321 2228 φιλίῃ
333 2147 419 2216 ξυνώς
431 2147 540 2232 όλόχιρ,
556 2150 746 2229 κεκλωσμίνον
761 2153 834 2229 αὐτῷ

173 2235 255 2317 τέρμ’
276 2235 371 2296 ίσιδών
391 2237 486 2316 βιότου
503 2238 614 2305 όλόεοις
634 2241 686 2296 ὑπό
701 2243 808 2318 νόμοισι
822 2242 942 2317 Μοιρῶν.

470 2481 540 2541 όθθ.
556 2487 654 2538 Αόόο.

173 2616 299 2696 Χαίροις,
313 2611 495 2696 ώπσιροθῖτσ·
509 2616 593 2694 τιμῆς
606 2615 765 2672 εἰσάκουσον
776 2613 864 2692 ίμιίο.

175 2705 296 2782 obsepta
310 2701 345 2776 tt
358 2703 487 2778 Γλυκίαν,
500 2705 596 2784 ῖσορᾷς
608 2701 638 2760 θί
652 2725 684 2780 μν
699 2701 833 2783 παρθίνσν
848 2698 942 2761 οὖσαν·

173 2790 264 2864 τὴνδ’
275 2793 319 2872 tp'
328 2793 399 2870 ῖμὴν
409 2796 527 2864 νεότητα
535 2793 627 2872 πατὴρ
639 2789 778 2872 Παίθερως
785 2791 943 2872 ῖνίγρσψεν,

174 2884 226 2938 καί
241 2884 335 2960 μήτηρ
350 2879 464 2947 Γλυκία,
478 2881 526 2937 καί
536 2881 691 2958 Τιμογίνφς
704 2881 719 2936 ό
734 2877 863 2958 ἀδελφός,

147 2989 161 3036 5
178 2974 306 3049 μήτρωος
319 2971 428 3048 Μόρκος
440 2970 489 3025 καί
501 2969 593 3041 Νίκιις,
610 2969 640 3025 αί
653 2966 684 3025 δὲ
697 2988 727 3026 τε
743 2971 860 3047 μόμμιει

175 3059 323 3136 Τιμογινίς
335 3058 382 3114 καί
393 3057 479 3135 Ψυχὴ
494 3057 629 3136 πθγγονον
644 3059 794 3136 όκτίμησαν

178 3189 355 3205 ......
378 3144 423 3222 [μ’
437 3145 473 3216 ἢν
488 3142 627 3203 οὐπώποτ’
643 3144 757 3202 ίόλπισα
769 3148 865 3224 τιμήν.

471 3295 541 3355 tet.
556 3302 653 3356 ΔΔΔΟ.

177 3425 346 3507 Μηνόφιλον
359 3429 444 3505 πόφος
457 3423 537 3493 οὗτος
550 3427 618 3506 ίχσι,
633 3424 808 3484 πολυπενθία
821 3423 919 3499 παῖδα,

180 3520 212 3576 όν
223 3517 347 3596 Χαρίτων
361 3519 475 3593 τριοοών
489 3517 682 3595 πανιπήραεον
696 3511 768 3579 κίδος
781 3513 880 3593 Ιχονεοι

180 3607 329 3662 οιίνοτόκων
342 3605 445 3681 γονίων
460 3602 559 3682 φθόνος
571 3604 708 3684 ἥρπασεν,
726 3604 756 3660 θν
772 3599 907 3681 καθορᾶτε

181 3696 252 3751 ὀκτώ
269 3695 364 3772 μόνοις
376 3693 460 3749 ῖτιοιν
477 3689 641 3768 βεόιωκότα,
657 3693 727 3771 μησί
740 3710 770 3748 τι
782 3693 872 3752 πίντε.

466 3931 535 3990 465.
550 3937 647 3988 abbo.

182 4093 654 4116 ...............
679 4049 848 4134 βιό[ε]ι[υ]ον

180 4139 356 4222 ”werbe
369 4139 781 4222 ι’ῑπθθννοῆνηννὰιοᾱν
794 4142 944 4220 cervaria

480 4431 538 4483 tat.
556 4447 644 4484 aman.

183 4543 243 4596 Non
255 4541 377 4609 squidem
391 4541 519 4593 exstincta
532 4555 571 4605 σι,
582 4541 663 4593 Prota
675 4555 682 4593 ι
696 4540 807 4594 meliora
817 4538 907 4608 petisti

184 4627 229 4678 aad
243 4626 317 4686 locas
327 4625 436 4693 jamque
447 4623 518 4676 arvis
529 4623 629 4692 gaudes
642 4624 763 4677 babitare
777 4623 872 4686 beatis,

185 4710 302 4774 Elysium
314 4707 390 4760 isatis
400 4708 549 4775 persultans
560 4705 623 4760 lata
633 4707 747 4772 chorais,

185 4793 294 4846 floribus
304 4793 371 4844 uber
382 4789 429 4843 abi
440 4791 528 4856 tellus,
540 4790 636 4860 ignara
645 4791 775 4844 malcrum
787 4807 794 4843 ι

186 4893 238 4930 non
251 4885 278 4929 te
289 4890 360 4930 asara
372 4876 430 4928 lnss
438 4875 520 4938 laedit.
532 4890 583 4928 nac
595 4876 688 4929 θεοισν
700 4883 852 4938 maceratas,

185 4959 287 5013 murias
301 4959 350 5012 tibi
365 4959 448 5021 nulla.
462 4958 521 5012 sitis
535 4957 585 5012 tibi
594 4959 678 5022 nulia,
690 4975 741 5012 nec
753 4959 802 5012 sevi

186 5051 227 5096 est
239 5041 399 5096 όοσὶόοκὶοιο
410 5042 493 5096 nostri
505 5057 514 5095 c
526 5057 589 5096 nam
599 5042 685 5096 libera
697 5041 763 5096 viria

186 5125 284 5180 tamine
296 5125 325 5178 in
335 5124 455 5188 otherio,
466 5141 554 5179 rarum
567 5124 657 5179 vicina
667 5126 780 5195 parenti.

785 5226 812 5262 tt.
830 5225 951 5264 GRO'HUS.

1703 471 1757 528 167

1287 602 1350 657 tet.
1370 611 1471 654 aurun.
1649 649 1759 722 flocum,

996 729 1057 786 Non
1073 735 1231 799 mortua-es,
1249 732 1344 800 Prote,
1365 731 1415 788 ssd
1432 733 1558 791 transisti
1574 733 1602 792 in
1620 736 1760 795 meliorem

996 817 1763 897 etineolisfortunatoruminsulasinjucunditatemutte,

994 901 1034 960 ibi
1045 903 1073 961 in
1086 905 1187 980 Elysiis
1200 906 1304 982 campis
1317 908 1424 966 exultas
1434 910 1536 984 gaudio

995 991 1077 1049 flores
1091 991 1164 1052 inter
1175 994 1278 1064 molles,
1293 995 1425 1054 malcrum
1439 1015 1540 1072 expers
1554 998 1673 1056 omnium
1690 1017 1697 1053 :

994 1096 1047 1136 nce
1064 1078 1153 1155 frigus
1170 1081 1315 1140 molestum
1334 1082 1385 1141 tibi
1405 1091 1457 1155 est,
1478 1101 1529 1142 nac
1548 1086 1632 1158 calor,
1656 1104 1711 1144 non
1731 1094 1759 1144 ts

1519 1173 1641 1246 [morbus
1652 1175 1759 1236 turbat,
1826 1175 1828 1180 ’

996 1272 1052 1312 non
1063 1255 1151 1314 sames
1162 1265 1199 1328 te,
1212 1275 1267 1316 ncn
1279 1259 1340 1315 sitis
1351 1266 1427 1317 tenet
1436 1267 1479 1330 te;
1491 1261 1539 1317 sed
1549 1277 1637 1335 neque
1646 1268 1763 1338 exepta·

1688 1349 1762 1424 [bilis

998 1432 1136 1491 bominum
1151 1433 1241 1492 adhuc
1254 1435 1304 1491 tibi
1318 1436 1376 1494 rita
1389 1444 1446 1506 est;
1459 1437 1528 1494 viris
1541 1437 1611 1494 enim
1626 1438 1684 1495 sine
1699 1457 1764 1513 qus·

997 1520 1026 1578 in
1039 1539 1110 1596 pura
1122 1521 1182 1580 luce
1196 1523 1303 1597 Olympi
1318 1523 1365 1598 qui
1376 1523 1457 1599 juxta
1470 1532 1523 1582 est.
1688 1525 1764 1599 [reiis

1287 1674 1350 1731 462.
1372 1685 1473 1728 aurun.

947 1805 953 1819 ⁸
998 1807 1057 1864 Hoc
1070 1805 1175 1864 scilicet
1187 1807 1259 1865 inter
1269 1807 1393 1866 urentes
1403 1808 1438 1866 ds
1450 1809 1510 1884 ejus
1520 1809 1629 1868 nomine
1641 1811 1762 1870 fuitmu-

997 1894 1032 1952 ob
1043 1895 1103 1969 ejus
1112 1894 1276 1954 virtutemet
1284 1894 1440 1954 castitatem
1448 1896 1527 1955 valde
1537 1897 1677 1972 optimam.
1691 1898 1762 1972 [lieri

996 1982 1170 2042 Fecitautem
1178 1982 1282 2042 huncce
1292 1984 1425 2042 tumstlum
1435 2002 1529 2044 amans
1539 1986 1654 2044 maritus
1664 1989 1762 2086 Eutre-

997 2155 1106 2231 sibique
1117 2155 1181 2232 ipsi,
1195 2163 1227 2214 ut
1240 2164 1337 2232 postea
1350 2158 1466 2216 baberet
1479 2159 1527 2216 ubi
1540 2073 1760 2236 τοιμιίοθθθλεσθὼ1

998 2261 1059 2301 cum
1073 2251 1165 2302 amata
1176 2244 1256 2304 simul
1269 2262 1364 2311 uxore.
1381 2245 1547 2305 destinatum
1559 2247 1613 2306 sibi
1648 2250 1762 2322 [aarum

997 2333 1079 2392 finem
1091 2351 1152 2392 cum
1163 2333 1278 2393 vidisset
1288 2334 1351 2393 ritas
1363 2335 1501 2394 insolubili
1512 2336 1564 2395 sub
1575 2338 1690 2396 stamine
1700 2341 1764 2396 Par·

1287 2485 1350 2542 46³.
1370 2495 1470 2540 attur.

999 2617 1090 2685 Salsa,
1108 2616 1247 2675 oviator:
1263 2616 1383 2674 hcncrss
1397 2616 1462 2675 audi
1473 2633 1559 2676 meos.
1667 2621 1763 2694 [erana

1000 2705 1105 2763 Nomen
1119 2703 1229 2779 quidem
1246 2703 1382 2778 Glycian,
1401 2703 1534 2779 ridesque
1547 2722 1592 2763 me
1607 2724 1668 2782 qua
1686 2707 1765 2783 virgo

997 2793 1138 2867 juventam
1152 2799 1244 2849 autem
1257 2809 1345 2848 meam
1358 2797 1439 2865 pater
1450 2793 1579 2850 Padsrcs
1592 2793 1734 2870 inscripsit

1000 2887 1030 2938 st
1042 2885 1131 2937 mater
1144 2878 1239 2954 Glycia
1249 2885 1278 2936 et
1291 2879 1454 2954 Timagenes
1469 2879 1563 2950 irater,

1001 2967 1180 3042 avrinculique
1195 2967 1305 3025 Marcus
1318 2974 1348 3025 et
1359 2967 1454 3042 Nicps,
1471 2973 1553 3043 atque
1568 2969 1658 3028 amita

1001 3056 1159 3131 Timagenis
1173 3062 1202 3114 et
1213 3055 1322 3130 Psyche
1333 3060 1444 3130 neptem
1458 3055 1662 3117 honoraverunt
1677 3061 1764 3134 [nore.

1004 3185 1134 3202 ......
1150 3161 1194 3202 me
1207 3143 1271 3213 hcc,
1281 3160 1363 3218 quem
1372 3160 1512 3219 nunquam
1523 3161 1709 3219 speraveram,
1721 3149 1765 3205 hc

1292 3290 1355 3346 Μ
1375 3299 1476 3343 mm
1557 3335 1626 3410 [tum
1640 3353 1766 3412 puerum,

1002 3421 1187 3497 Menophilum
1200 3418 1356 3496 sepulcrum
1372 3421 1426 3479 boc
1442 3421 1537 3490 habet,
1554 3422 1767 3481 multum-datle-

1003 3527 1085 3584 quem
1098 3507 1254 3568 Gratiarum
1266 3508 1350 3568 trium
1366 3507 1644 3568 admodum-amabile
1660 3510 1768 3568 simula-

1520 3598 1607 3671 [crum
1621 3597 1767 3658 habentem

1003 3681 1158 3746 infelicibus
1170 3684 1332 3762 parentibus
1345 3683 1449 3746 invidia
1460 3687 1564 3763 rapuit,
1576 3704 1657 3764 quern
1668 3687 1768 3748 ridetis

1003 3784 1065 3836 octe
1089 3782 1197 3836 tantum
1218 3792 1304 3834 annos
1331 3775 1575 3842 rita-assecutum.
1605 3795 1768 3855 mensesque

1291 3926 1353 3982 ωδ.
1372 3933 1471 3979 Μ.
1626 3867 1766 3943 [quinque.

1004 4088 1452 4108 ................
1472 4048 1598 4106 vivebam
1668 4050 1765 4124 [mitia

1003 4155 1098 4197 omnes
1115 4136 1187 4194 enim
1205 4153 1248 4194 me
1267 4134 1405 4205 amabant,
1425 4151 1500 4194 eram
1517 4136 1620 4212 quippe
1641 4137 1766 4200 omnibus

1301 4418 1360 4469 itt.
1379 4431 1468 4470 amca.

1002 4533 1109 4586 uonna
1119 4543 1172 4582 ncn
1184 4543 1223 4588 ss,
1238 4525 1338 4587 Prima.
1353 4525 1414 4579 loca
1426 4525 1455 4578 in
1469 4525 1580 4580 meliora
1592 4528 1713 4596 migrasti
1726 4546 1734 4581 s

1004 4621 1082 4680 taqua
1092 4613 1230 4664 beaterum
1242 4609 1355 4675 dapibus
1368 4613 1442 4660 tanet
1451 4608 1541 4660 insula
1553 4608 1637 4664 testis.

1004 4695 1094 4761 styria
1106 4693 1240 4746 σεσοίιιοε
1252 4690 1353 4758 passim
1366 4706 1415 4757 par
1427 4691 1507 4758 plana
1518 4693 1625 4758 sagaris

1005 4778 1131 4831 mollibus
1144 4775 1172 4828 in
1186 4775 1284 4844 pratis;
1297 4781 1401 4828 caract
1412 4775 1504 4842 procul
1515 4777 1620 4828 emutat
1630 4775 1724 4828 omnis.

1004 4862 1065 4914 Non
1079 4868 1106 4912 ts
1120 4860 1194 4913 lesdit
1206 4859 1300 4920 biems¹
1312 4865 1403 4920 natus.
1417 4873 1471 4911 non
1483 4858 1595 4926 deniqne
1608 4861 1729 4924 ιιιοκθοις

1004 4961 1057 4998 non
1071 4944 1130 4998 sitis
1143 4951 1223 5012 atque
1235 4943 1319 4995 tames
1331 4941 1411 5009 capit,
1424 4942 1536 5009 vitasque
1550 4940 1648 5008 prioris

1006 5034 1031 5080 ts
1045 5027 1204 5081 desiderium
1216 5033 1297 5078 tenet.
1312 5023 1476 5093 lncnlpabilc
1487 5039 1600 5092 namque

1005 5125 1091 5163 nram
1101 5109 1188 5178 agitas
1199 5109 1269 5172 talis,
1284 5105 1419 5174 nitidaque
1430 5107 1460 5159 in
1472 5108 1532 5160 lucc
1543 5106 1668 5174 refulges,

1005 5193 1126 5262 proxima
1140 5209 1192 5262 qna
1205 5193 1282 5246 cedas
1295 5192 1397 5245 clarum
1411 5188 1542 5258 contingit
1555 5190 1703 5258 Olympum.

1477 5287 1541 5327 aran.
1556 5288 1624 5328 ιωι.
1637 5289 1773 5328 massus.
