<?xml version="1.0" encoding="UTF-8"?>
<!DOCTYPE html PUBLIC "-//W3C//DTD XHTML 1.0 Transitional//EN"
    "http://www.w3.org/TR/xhtml1/DTD/xhtml1-transitional.dtd">
<html xmlns="http://www.w3.org/1999/xhtml" xml:lang="en" lang="en">
 <head>
  <title>
</title>
<meta http-equiv="Content-Type" content="text/html;charset=utf-8" />
  <meta name='ocr-system' content='tesseract 3.04.00' />
  <meta name='ocr-capabilities' content='ocr_page ocr_carea ocr_par ocr_line ocrx_word'/>
</head>
<body>
  <div class='ocr_page' id='page_1' title='image "./epigrammatumant00plangoog_0366.png"; bbox 0 0 4136 6036; ppageno 0'>
   <div class='ocr_carea' id='block_1_1' title="bbox 604 455 1780 518">
    <p class='ocr_par' dir='ltr' id='par_1_1' title="bbox 604 455 1780 518">
     <span class='ocr_line' id='line_1_1' title="bbox 604 455 1780 518; baseline 0.001 -2"><span class='ocrx_word' id='word_1_1' title='bbox 604 455 730 518; x_wconf 75' lang='lat' dir='ltr'>CAPUT</span> <span class='ocrx_word' id='word_1_2' title='bbox 750 457 801 517; x_wconf 85' lang='lat'>111.</span> <span class='ocrx_word' id='word_1_3' title='bbox 825 455 1106 516; x_wconf 74' lang='lat' dir='ltr'><strong>EPIGRAMMATA</strong></span> <span class='ocrx_word' id='word_1_4' title='bbox 1128 456 1402 518; x_wconf 73' lang='lat' dir='ltr'><strong>SEPULCRALIA.</strong></span> <span class='ocrx_word' id='word_1_5' title='bbox 1528 479 1530 486; x_wconf 71' lang='grc'>’</span> <span class='ocrx_word' id='word_1_6' title='bbox 1724 460 1780 518; x_wconf 83' lang='grc'><strong>357</strong></span> 
     </span>
    </p>
   </div>
   <div class='ocr_carea' id='block_1_2' title="bbox 209 587 945 667">
    <p class='ocr_par' dir='ltr' id='par_1_2' title="bbox 209 587 945 667">
     <span class='ocr_line' id='line_1_2' title="bbox 209 587 945 667; baseline 0.001 -23"><span class='ocrx_word' id='word_1_7' title='bbox 209 589 265 644; x_wconf 81' lang='grc' dir='ltr'><strong>Πάν</strong></span> <span class='ocrx_word' id='word_1_8' title='bbox 280 589 332 666; x_wconf 86' lang='grc' dir='ltr'>γάρ</span> <span class='ocrx_word' id='word_1_9' title='bbox 349 589 487 665; x_wconf 85' lang='grc' dir='ltr'>άκοσμίης</span> <span class='ocrx_word' id='word_1_10' title='bbox 499 587 614 646; x_wconf 76' lang='grc' dir='ltr'>λέλυται</span> <span class='ocrx_word' id='word_1_11' title='bbox 628 593 718 667; x_wconf 83' lang='grc' dir='ltr'>νέρος,</span> <span class='ocrx_word' id='word_1_12' title='bbox 735 591 796 645; x_wconf 80' lang='grc' dir='ltr'>ἀντὶ</span> <span class='ocrx_word' id='word_1_13' title='bbox 808 587 837 644; x_wconf 84' lang='grc' dir='ltr'><strong>δέ</strong></span> <span class='ocrx_word' id='word_1_14' title='bbox 852 588 945 666; x_wconf 81' lang='grc' dir='ltr'>λύμης</span> 
     </span>
    </p>
   </div>
   <div class='ocr_carea' id='block_1_3' title="bbox 1023 593 1783 668">
    <p class='ocr_par' dir='ltr' id='par_1_3' title="bbox 1023 593 1783 668">
     <span class='ocr_line' id='line_1_3' title="bbox 1023 593 1783 668; baseline 0.005 -20"><span class='ocrx_word' id='word_1_15' title='bbox 1023 593 1117 651; x_wconf 90' lang='lat' dir='ltr'><strong>Omnis</strong></span> <span class='ocrx_word' id='word_1_16' title='bbox 1129 595 1200 651; x_wconf 91' lang='lat' dir='ltr'><strong>enim</strong></span> <span class='ocrx_word' id='word_1_17' title='bbox 1209 593 1350 650; x_wconf 85' lang='lat' dir='ltr'>dedecoris</span> <span class='ocrx_word' id='word_1_18' title='bbox 1365 594 1454 651; x_wconf 86' lang='lat' dir='ltr'><strong>soluta</strong></span> <span class='ocrx_word' id='word_1_19' title='bbox 1466 603 1509 651; x_wconf 90' lang='lat' dir='ltr'><strong>est</strong></span> <span class='ocrx_word' id='word_1_20' title='bbox 1521 593 1618 662; x_wconf 89' lang='lat' dir='ltr'><strong>nubes,</strong></span> <span class='ocrx_word' id='word_1_21' title='bbox 1627 597 1783 668; x_wconf 89' lang='lat' dir='ltr'><strong>proquelue</strong></span> 
     </span>
    </p>
   </div>
   <div class='ocr_carea' id='block_1_4' title="bbox 205 673 1659 756">
    <p class='ocr_par' dir='ltr' id='par_1_4' title="bbox 205 673 1659 756">
     <span class='ocr_line' id='line_1_4' title="bbox 205 673 1659 756; baseline 0 -16"><span class='ocrx_word' id='word_1_22' title='bbox 205 678 256 745; x_wconf 67' lang='grc' dir='ltr'>τῆς</span> <span class='ocrx_word' id='word_1_23' title='bbox 269 679 403 755; x_wconf 72' lang='grc' dir='ltr'>προτέρης</span> <span class='ocrx_word' id='word_1_24' title='bbox 416 679 505 748; x_wconf 82' lang='grc' dir='ltr'>πάντη</span> <span class='ocrx_word' id='word_1_25' title='bbox 527 696 560 753; x_wconf 83' lang='grc' dir='ltr'><strong>με</strong></span> <span class='ocrx_word' id='word_1_26' title='bbox 579 677 649 734; x_wconf 83' lang='grc' dir='ltr'><strong>Θεοῦ</strong></span> <span class='ocrx_word' id='word_1_27' title='bbox 667 681 749 755; x_wconf 86' lang='grc' dir='ltr'>χάρις</span> <span class='ocrx_word' id='word_1_28' title='bbox 767 673 965 756; x_wconf 77' lang='grc' dir='ltr'>άμριὸίὸηκτν.</span> <span class='ocrx_word' id='word_1_29' title='bbox 1022 681 1124 751; x_wconf 82' lang='lat' dir='ltr'><strong>orioro,</strong></span> <span class='ocrx_word' id='word_1_30' title='bbox 1136 680 1238 756; x_wconf 88' lang='lat' dir='ltr'><strong>ubique</strong></span> <span class='ocrx_word' id='word_1_31' title='bbox 1248 699 1292 738; x_wconf 89' lang='lat' dir='ltr'><strong>me</strong></span> <span class='ocrx_word' id='word_1_32' title='bbox 1306 680 1357 738; x_wconf 85' lang='lat' dir='ltr'><strong>Dei</strong></span> <span class='ocrx_word' id='word_1_33' title='bbox 1369 681 1461 756; x_wconf 74' lang='lat' dir='ltr'><strong>gratia</strong></span> <span class='ocrx_word' id='word_1_34' title='bbox 1473 682 1659 740; x_wconf 80' lang='lat' dir='ltr'><strong>circumvenit.</strong></span> 
     </span>
    </p>
   </div>
   <div class='ocr_carea' id='block_1_5' title="bbox 161 761 948 1545">
    <p class='ocr_par' dir='ltr' id='par_1_5' title="bbox 177 761 920 929">
     <span class='ocr_line' id='line_1_5' title="bbox 206 761 920 842; baseline 0.003 -24"><span class='ocrx_word' id='word_1_35' title='bbox 206 764 261 818; x_wconf 84' lang='lat' dir='ltr'><strong>Kal</strong></span> <span class='ocrx_word' id='word_1_36' title='bbox 274 761 535 842; x_wconf 27' lang='grc' dir='ltr'>ποτειτετραπόδων,</span> <span class='ocrx_word' id='word_1_37' title='bbox 552 765 641 820; x_wconf 82' lang='grc' dir='ltr'>ὁπόσα</span> <span class='ocrx_word' id='word_1_38' title='bbox 657 768 792 842; x_wconf 83' lang='grc' dir='ltr'>μογέοντα</span> <span class='ocrx_word' id='word_1_39' title='bbox 806 763 920 841; x_wconf 84' lang='grc' dir='ltr'>δαμείη,</span> 
     </span>
     <span class='ocr_line' id='line_1_6' title="bbox 177 845 848 929; baseline -0.001 -21"><span class='ocrx_word' id='word_1_40' title='bbox 177 861 191 908; x_wconf 82' lang='grc'>5</span> <span class='ocrx_word' id='word_1_41' title='bbox 206 845 301 906; x_wconf 86' lang='grc' dir='ltr'>ένθάδε</span> <span class='ocrx_word' id='word_1_42' title='bbox 316 850 483 927; x_wconf 78' lang='grc' dir='ltr'>ριπτομένων</span> <span class='ocrx_word' id='word_1_43' title='bbox 494 848 569 927; x_wconf 86' lang='grc' dir='ltr'>ύδμὴ</span> <span class='ocrx_word' id='word_1_44' title='bbox 585 849 729 928; x_wconf 72' lang='grc' dir='ltr'><strong>διεγείρετο</strong></span> <span class='ocrx_word' id='word_1_45' title='bbox 742 849 848 929; x_wconf 79' lang='grc' dir='ltr'>λυγρή·</span> 
     </span>
    </p>

    <p class='ocr_par' dir='ltr' id='par_1_6' title="bbox 205 935 841 1018">
     <span class='ocr_line' id='line_1_7' title="bbox 205 935 841 1018; baseline 0.003 -25"><span class='ocrx_word' id='word_1_46' title='bbox 205 935 327 993; x_wconf 79' lang='grc' dir='ltr'><strong>πολλάκι</strong></span> <span class='ocrx_word' id='word_1_47' title='bbox 340 939 387 993; x_wconf 83' lang='grc' dir='ltr'><strong>καί</strong></span> <span class='ocrx_word' id='word_1_48' title='bbox 398 941 549 1016; x_wconf 78' lang='grc' dir='ltr'>παριόντες</span> <span class='ocrx_word' id='word_1_49' title='bbox 563 941 611 1010; x_wconf 82' lang='grc' dir='ltr'>έῆς</span> <span class='ocrx_word' id='word_1_50' title='bbox 620 935 752 1018; x_wconf 82' lang='grc' dir='ltr'>ίδράΕατο</span> <span class='ocrx_word' id='word_1_51' title='bbox 770 941 841 1017; x_wconf 81' lang='grc' dir='ltr'>ρινύς</span> 
     </span>
    </p>

    <p class='ocr_par' dir='ltr' id='par_1_7' title="bbox 205 1022 842 1104">
     <span class='ocr_line' id='line_1_8' title="bbox 205 1022 842 1104; baseline 0.009 -24"><span class='ocrx_word' id='word_1_52' title='bbox 205 1027 252 1080; x_wconf 81' lang='grc' dir='ltr'><strong>καί</strong></span> <span class='ocrx_word' id='word_1_53' title='bbox 263 1029 361 1097; x_wconf 87' lang='grc' dir='ltr'>πνοιῆς</span> <span class='ocrx_word' id='word_1_54' title='bbox 373 1022 524 1104; x_wconf 73' lang='grc' dir='ltr'>παρίθρεέε</span> <span class='ocrx_word' id='word_1_55' title='bbox 536 1030 692 1104; x_wconf 87' lang='grc' dir='ltr'>κακοσμίην</span> <span class='ocrx_word' id='word_1_56' title='bbox 702 1027 842 1086; x_wconf 85' lang='grc' dir='ltr'>άλειίνων.</span> 
     </span>
    </p>

    <p class='ocr_par' dir='ltr' id='par_1_8' title="bbox 206 1109 897 1192">
     <span class='ocr_line' id='line_1_9' title="bbox 206 1109 897 1192; baseline 0.003 -25"><span class='ocrx_word' id='word_1_57' title='bbox 206 1113 261 1167; x_wconf 85' lang='grc' dir='ltr'><strong>Νῦν</strong></span> <span class='ocrx_word' id='word_1_58' title='bbox 276 1109 305 1167; x_wconf 80' lang='grc' dir='ltr'><strong>δέ</strong></span> <span class='ocrx_word' id='word_1_59' title='bbox 320 1110 355 1168; x_wconf 88' lang='grc' dir='ltr'>δι’</span> <span class='ocrx_word' id='word_1_60' title='bbox 371 1109 534 1190; x_wconf 77' lang='grc' dir='ltr'>ἂμόροσίοιο</span> <span class='ocrx_word' id='word_1_61' title='bbox 546 1112 632 1171; x_wconf 86' lang='grc' dir='ltr'>πέδου</span> <span class='ocrx_word' id='word_1_62' title='bbox 645 1118 795 1192; x_wconf 89' lang='grc' dir='ltr'>περόωντες</span> <span class='ocrx_word' id='word_1_63' title='bbox 808 1111 897 1170; x_wconf 80' lang='grc' dir='ltr'>ὁδῖται</span> 
     </span>
    </p>

    <p class='ocr_par' dir='ltr' id='par_1_9' title="bbox 161 1197 948 1369">
     <span class='ocr_line' id='line_1_10' title="bbox 206 1197 948 1282; baseline 0.007 -28"><span class='ocrx_word' id='word_1_64' title='bbox 206 1197 344 1278; x_wconf 75' lang='grc' dir='ltr'>δεξιτερὴν</span> <span class='ocrx_word' id='word_1_65' title='bbox 359 1198 495 1278; x_wconf 79' lang='grc' dir='ltr'>παλάμην</span> <span class='ocrx_word' id='word_1_66' title='bbox 514 1205 631 1282; x_wconf 82' lang='grc' dir='ltr'>σρετίρῳ</span> <span class='ocrx_word' id='word_1_67' title='bbox 650 1206 819 1281; x_wconf 79' lang='grc' dir='ltr'><strong>προσάγουσι</strong></span> <span class='ocrx_word' id='word_1_68' title='bbox 834 1206 948 1280; x_wconf 87' lang='grc' dir='ltr'>μετώπῳ</span> 
     </span>
     <span class='ocr_line' id='line_1_11' title="bbox 161 1287 883 1369; baseline 0.011 -28"><span class='ocrx_word' id='word_1_69' title='bbox 161 1293 191 1342; x_wconf 82' lang='lat' dir='ltr'><strong>lt</strong></span> <span class='ocrx_word' id='word_1_70' title='bbox 206 1291 323 1365; x_wconf 88' lang='grc' dir='ltr'>σταυροῦ</span> <span class='ocrx_word' id='word_1_71' title='bbox 336 1291 462 1364; x_wconf 74' lang='grc' dir='ltr'>τιμήεντι</span> <span class='ocrx_word' id='word_1_72' title='bbox 475 1293 551 1366; x_wconf 90' lang='grc' dir='ltr'>τύπῳ</span> <span class='ocrx_word' id='word_1_73' title='bbox 571 1289 665 1368; x_wconf 80' lang='grc' dir='ltr'>ψυχὴν</span> <span class='ocrx_word' id='word_1_74' title='bbox 679 1287 883 1369; x_wconf 89' lang='grc' dir='ltr'>προτελοῦντες.</span> 
     </span>
    </p>

    <p class='ocr_par' dir='ltr' id='par_1_10' title="bbox 207 1373 939 1456">
     <span class='ocr_line' id='line_1_12' title="bbox 207 1373 939 1456; baseline 0.005 -26"><span class='ocrx_word' id='word_1_75' title='bbox 207 1375 238 1430; x_wconf 84' lang='grc' dir='ltr'><strong>Εἰ</strong></span> <span class='ocrx_word' id='word_1_76' title='bbox 255 1373 279 1430; x_wconf 86' lang='grc' dir='ltr'><strong>δ’</strong></span> <span class='ocrx_word' id='word_1_77' title='bbox 296 1373 396 1440; x_wconf 87' lang='grc' dir='ltr'>έθίλεις</span> <span class='ocrx_word' id='word_1_78' title='bbox 409 1379 457 1432; x_wconf 81' lang='grc' dir='ltr'><strong>καί</strong></span> <span class='ocrx_word' id='word_1_79' title='bbox 470 1380 552 1434; x_wconf 87' lang='grc' dir='ltr'>τοῦτο</span> <span class='ocrx_word' id='word_1_80' title='bbox 566 1375 714 1455; x_wconf 74' lang='grc' dir='ltr'>δαήμεναι,</span> <span class='ocrx_word' id='word_1_81' title='bbox 731 1377 793 1456; x_wconf 73' lang='grc' dir='ltr'>ὄφρ’</span> <span class='ocrx_word' id='word_1_82' title='bbox 809 1375 838 1434; x_wconf 88' lang='grc' dir='ltr'><strong>εύ</strong></span> <span class='ocrx_word' id='word_1_83' title='bbox 854 1375 939 1455; x_wconf 76' lang='grc' dir='ltr'>εἰδῇς·</span> 
     </span>
    </p>

    <p class='ocr_par' dir='ltr' id='par_1_11' title="bbox 205 1461 857 1545">
     <span class='ocr_line' id='line_1_13' title="bbox 205 1461 857 1545; baseline 0.008 -28"><span class='ocrx_word' id='word_1_84' title='bbox 205 1464 309 1528; x_wconf 79' lang='grc' dir='ltr'>Αἰνείας</span> <span class='ocrx_word' id='word_1_85' title='bbox 322 1461 386 1520; x_wconf 91' lang='grc' dir='ltr'>τόδε</span> <span class='ocrx_word' id='word_1_86' title='bbox 400 1462 503 1530; x_wconf 87' lang='grc' dir='ltr'>κάλλος</span> <span class='ocrx_word' id='word_1_87' title='bbox 516 1466 579 1544; x_wconf 83' lang='grc' dir='ltr'>ίμοί</span> <span class='ocrx_word' id='word_1_88' title='bbox 591 1469 674 1544; x_wconf 92' lang='grc' dir='ltr'>πόρεν</span> <span class='ocrx_word' id='word_1_89' title='bbox 689 1461 857 1545; x_wconf 78' lang='grc' dir='ltr'>ἀξιέραστον,</span> 
     </span>
    </p>
   </div>
   <div class='ocr_carea' id='block_1_6' title="bbox 206 1549 859 1633">
    <p class='ocr_par' dir='ltr' id='par_1_12' title="bbox 206 1549 859 1633">
     <span class='ocr_line' id='line_1_14' title="bbox 206 1549 859 1633; baseline 0.008 -27"><span class='ocrx_word' id='word_1_90' title='bbox 206 1553 344 1630; x_wconf 83' lang='grc' dir='ltr'>πάνσορος</span> <span class='ocrx_word' id='word_1_91' title='bbox 354 1549 464 1632; x_wconf 81' lang='grc' dir='ltr'>εύσεύίη</span> <span class='ocrx_word' id='word_1_92' title='bbox 481 1552 676 1632; x_wconf 87' lang='grc' dir='ltr'>μεμελημίνος</span> <span class='ocrx_word' id='word_1_93' title='bbox 688 1555 859 1633; x_wconf 76' lang='grc' dir='ltr'>ἱεροφάντης.</span> 
     </span>
    </p>
   </div>
   <div class='ocr_carea' id='block_1_7' title="bbox 372 1879 805 1938">
    <p class='ocr_par' dir='ltr' id='par_1_13' title="bbox 372 1879 805 1938">
     <span class='ocr_line' id='line_1_15' title="bbox 372 1879 805 1938; baseline -0.002 0"><span class='ocrx_word' id='word_1_94' title='bbox 372 1881 441 1938; x_wconf 77' lang='grc'><strong>111.</strong></span> <span class='ocrx_word' id='word_1_95' title='bbox 461 1879 614 1936; x_wconf 70' lang='lat' dir='ltr'><strong>lutobor</strong></span> <span class='ocrx_word' id='word_1_96' title='bbox 633 1880 805 1938; x_wconf 78' lang='grc' dir='ltr'><strong>ΕΥΧΑΙΤΩΝ</strong></span> 
     </span>
    </p>
   </div>
   <div class='ocr_carea' id='block_1_8' title="bbox 409 1983 769 2050">
    <p class='ocr_par' dir='ltr' id='par_1_14' title="bbox 409 1983 769 2050">
     <span class='ocr_line' id='line_1_16' title="bbox 409 1983 769 2050; baseline -0.006 -15"><span class='ocrx_word' id='word_1_97' title='bbox 409 1983 599 2050; x_wconf 80' lang='grc' dir='ltr'>[μητροπολίτου</span> <span class='ocrx_word' id='word_1_98' title='bbox 613 1983 769 2049; x_wconf 85' lang='grc' dir='ltr'>έπισκόπου.]</span> 
     </span>
    </p>
   </div>
   <div class='ocr_carea' id='block_1_9' title="bbox 243 2092 871 3334">
    <p class='ocr_par' dir='ltr' id='par_1_15' title="bbox 245 2092 827 2451">
     <span class='ocr_line' id='line_1_17' title="bbox 245 2092 823 2184; baseline -0.005 -21"><span class='ocrx_word' id='word_1_99' title='bbox 245 2092 429 2184; x_wconf 72' lang='grc' dir='ltr'>δνιστορησας</span> <span class='ocrx_word' id='word_1_100' title='bbox 440 2107 503 2169; x_wconf 87' lang='grc' dir='ltr'>τούς</span> <span class='ocrx_word' id='word_1_101' title='bbox 516 2105 617 2183; x_wconf 90' lang='grc' dir='ltr'>σορούς</span> <span class='ocrx_word' id='word_1_102' title='bbox 630 2102 823 2177; x_wconf 80' lang='grc' dir='ltr'><strong>διδασκάλους,</strong></span> 
     </span>
     <span class='ocr_line' id='line_1_18' title="bbox 245 2191 815 2272; baseline -0.004 -21"><span class='ocrx_word' id='word_1_103' title='bbox 245 2196 347 2252; x_wconf 84' lang='grc' dir='ltr'>κα1τδν</span> <span class='ocrx_word' id='word_1_104' title='bbox 359 2191 537 2271; x_wconf 86' lang='grc' dir='ltr'>Θεοδύρητον</span> <span class='ocrx_word' id='word_1_105' title='bbox 551 2193 643 2257; x_wconf 81' lang='grc' dir='ltr'>αὐτοῖς</span> <span class='ocrx_word' id='word_1_106' title='bbox 658 2197 815 2272; x_wconf 79' lang='grc' dir='ltr'><strong>συγγράφω,</strong></span> 
     </span>
     <span class='ocr_line' id='line_1_19' title="bbox 246 2277 827 2361; baseline -0.005 -21"><span class='ocrx_word' id='word_1_107' title='bbox 246 2286 282 2348; x_wconf 80' lang='grc' dir='ltr'>ὡς</span> <span class='ocrx_word' id='word_1_108' title='bbox 296 2281 382 2361; x_wconf 87' lang='grc' dir='ltr'>άνδροι</span> <span class='ocrx_word' id='word_1_109' title='bbox 397 2281 479 2356; x_wconf 84' lang='grc' dir='ltr'>θεῖον,</span> <span class='ocrx_word' id='word_1_110' title='bbox 496 2283 531 2346; x_wconf 85' lang='grc' dir='ltr'>ὡς</span> <span class='ocrx_word' id='word_1_111' title='bbox 545 2277 711 2338; x_wconf 85' lang='grc' dir='ltr'>διδάσκαλον</span> <span class='ocrx_word' id='word_1_112' title='bbox 730 2285 827 2361; x_wconf 85' lang='grc' dir='ltr'>μέγαν,</span> 
     </span>
     <span class='ocr_line' id='line_1_20' title="bbox 245 2365 762 2451; baseline -0.006 -23"><span class='ocrx_word' id='word_1_113' title='bbox 245 2375 282 2437; x_wconf 81' lang='grc' dir='ltr'>ὡς</span> <span class='ocrx_word' id='word_1_114' title='bbox 295 2368 465 2451; x_wconf 86' lang='grc' dir='ltr'>άκράδαντον</span> <span class='ocrx_word' id='word_1_115' title='bbox 480 2365 640 2448; x_wconf 78' lang='grc' dir='ltr'>ύρθοδοξίας</span> <span class='ocrx_word' id='word_1_116' title='bbox 653 2368 762 2431; x_wconf 91' lang='grc' dir='ltr'>στύλον.</span> 
     </span>
    </p>

    <p class='ocr_par' dir='ltr' id='par_1_16' title="bbox 244 2445 853 2802">
     <span class='ocr_line' id='line_1_21' title="bbox 245 2445 823 2538; baseline -0.002 -22"><span class='ocrx_word' id='word_1_117' title='bbox 245 2445 281 2516; x_wconf 68' lang='grc' dir='ltr'><strong>δν</strong></span> <span class='ocrx_word' id='word_1_118' title='bbox 295 2457 319 2516; x_wconf 90' lang='grc' dir='ltr'><strong>δ’</strong></span> <span class='ocrx_word' id='word_1_119' title='bbox 335 2457 472 2530; x_wconf 77' lang='grc' dir='ltr'>ίκλονόθη</span> <span class='ocrx_word' id='word_1_120' title='bbox 491 2459 587 2536; x_wconf 86' lang='grc' dir='ltr'>μικρόν</span> <span class='ocrx_word' id='word_1_121' title='bbox 599 2459 630 2514; x_wconf 86' lang='grc' dir='ltr'><strong>ίκ</strong></span> <span class='ocrx_word' id='word_1_122' title='bbox 642 2478 713 2524; x_wconf 90' lang='grc' dir='ltr'>τινος</span> <span class='ocrx_word' id='word_1_123' title='bbox 726 2462 823 2538; x_wconf 83' lang='grc' dir='ltr'>τύχης,</span> 
     </span>
     <span class='ocr_line' id='line_1_22' title="bbox 244 2543 853 2626; baseline -0.003 -22"><span class='ocrx_word' id='word_1_124' title='bbox 244 2547 385 2626; x_wconf 82' lang='grc' dir='ltr'>άνθρωπος</span> <span class='ocrx_word' id='word_1_125' title='bbox 396 2544 443 2618; x_wconf 79' lang='grc' dir='ltr'><strong>ἦν,</strong></span> <span class='ocrx_word' id='word_1_126' title='bbox 459 2543 598 2625; x_wconf 74' lang='grc' dir='ltr'>ἄνθρωπε·</span> <span class='ocrx_word' id='word_1_127' title='bbox 617 2547 658 2624; x_wconf 78' lang='grc' dir='ltr'><strong>μὴ</strong></span> <span class='ocrx_word' id='word_1_128' title='bbox 671 2551 853 2626; x_wconf 77' lang='grc' dir='ltr'>κατακρίνῃς·</span> 
     </span>
     <span class='ocr_line' id='line_1_23' title="bbox 245 2630 838 2715; baseline 0 -23"><span class='ocrx_word' id='word_1_129' title='bbox 245 2639 277 2692; x_wconf 91' lang='grc' dir='ltr'><strong>ού</strong></span> <span class='ocrx_word' id='word_1_130' title='bbox 293 2637 347 2715; x_wconf 83' lang='grc' dir='ltr'>γὰρ</span> <span class='ocrx_word' id='word_1_131' title='bbox 360 2637 490 2692; x_wconf 86' lang='grc' dir='ltr'>τοσοῦτον</span> <span class='ocrx_word' id='word_1_132' title='bbox 504 2630 638 2706; x_wconf 86' lang='grc' dir='ltr'>δυσσεθής</span> <span class='ocrx_word' id='word_1_133' title='bbox 649 2631 685 2705; x_wconf 80' lang='grc' dir='ltr'><strong>ἦν</strong></span> <span class='ocrx_word' id='word_1_134' title='bbox 701 2638 715 2691; x_wconf 91' lang='grc' dir='ltr'>ό</span> <span class='ocrx_word' id='word_1_135' title='bbox 730 2634 838 2702; x_wconf 82' lang='grc' dir='ltr'>κλόνος,</span> 
     </span>
     <span class='ocr_line' id='line_1_24' title="bbox 245 2723 732 2802; baseline -0.004 -22"><span class='ocrx_word' id='word_1_136' title='bbox 245 2724 309 2780; x_wconf 88' lang='grc' dir='ltr'>δσον</span> <span class='ocrx_word' id='word_1_137' title='bbox 326 2726 433 2802; x_wconf 75' lang='grc' dir='ltr'>μετεῖχε</span> <span class='ocrx_word' id='word_1_138' title='bbox 446 2725 497 2794; x_wconf 74' lang='grc' dir='ltr'><strong>τῆς</strong></span> <span class='ocrx_word' id='word_1_139' title='bbox 512 2724 646 2802; x_wconf 71' lang='grc' dir='ltr'>ἐριστικῆς</span> <span class='ocrx_word' id='word_1_140' title='bbox 662 2723 732 2799; x_wconf 88' lang='grc' dir='ltr'>βίας.</span> 
     </span>
    </p>

    <p class='ocr_par' dir='ltr' id='par_1_17' title="bbox 243 2809 871 3334">
     <span class='ocr_line' id='line_1_25' title="bbox 243 2809 845 2890; baseline 0 -23"><span class='ocrx_word' id='word_1_141' title='bbox 243 2813 277 2867; x_wconf 83' lang='grc'><strong>’11</strong></span> <span class='ocrx_word' id='word_1_142' title='bbox 289 2814 359 2890; x_wconf 87' lang='grc' dir='ltr'>γάρ;</span> <span class='ocrx_word' id='word_1_143' title='bbox 375 2809 512 2888; x_wconf 81' lang='grc' dir='ltr'>Κύριλλον</span> <span class='ocrx_word' id='word_1_144' title='bbox 532 2813 674 2888; x_wconf 80' lang='grc' dir='ltr'>πανταχοῦ</span> <span class='ocrx_word' id='word_1_145' title='bbox 688 2814 765 2866; x_wconf 76' lang='grc' dir='ltr'>νικᾶν</span> <span class='ocrx_word' id='word_1_146' title='bbox 780 2809 845 2884; x_wconf 89' lang='grc' dir='ltr'>ίδει,</span> 
     </span>
     <span class='ocr_line' id='line_1_26' title="bbox 244 2898 834 2977; baseline -0.002 -22"><span class='ocrx_word' id='word_1_147' title='bbox 244 2903 292 2956; x_wconf 84' lang='grc' dir='ltr'><strong>καί</strong></span> <span class='ocrx_word' id='word_1_148' title='bbox 306 2898 492 2977; x_wconf 78' lang='grc' dir='ltr'>δογματισπήν</span> <span class='ocrx_word' id='word_1_149' title='bbox 507 2899 572 2956; x_wconf 87' lang='grc' dir='ltr'>όντα</span> <span class='ocrx_word' id='word_1_150' title='bbox 585 2902 633 2954; x_wconf 82' lang='grc' dir='ltr'><strong>καί</strong></span> <span class='ocrx_word' id='word_1_151' title='bbox 644 2898 834 2977; x_wconf 88' lang='grc' dir='ltr'>λογογράρον·</span> 
     </span>
     <span class='ocr_line' id='line_1_27' title="bbox 245 2985 805 3066; baseline 0 -22"><span class='ocrx_word' id='word_1_152' title='bbox 245 2987 320 3066; x_wconf 85' lang='grc' dir='ltr'>δμως</span> <span class='ocrx_word' id='word_1_153' title='bbox 334 2985 364 3044; x_wconf 82' lang='grc' dir='ltr'><strong>δέ</strong></span> <span class='ocrx_word' id='word_1_154' title='bbox 375 2991 463 3065; x_wconf 89' lang='grc' dir='ltr'>τούτῳ</span> <span class='ocrx_word' id='word_1_155' title='bbox 480 2989 527 3043; x_wconf 84' lang='grc' dir='ltr'><strong>καί</strong></span> <span class='ocrx_word' id='word_1_156' title='bbox 541 2985 694 3065; x_wconf 85' lang='grc' dir='ltr'>διώρθωται</span> <span class='ocrx_word' id='word_1_157' title='bbox 706 2987 805 3044; x_wconf 88' lang='grc' dir='ltr'>πάλιν·</span> 
     </span>
     <span class='ocr_line' id='line_1_28' title="bbox 244 3074 871 3155; baseline 0 -23"><span class='ocrx_word' id='word_1_158' title='bbox 244 3079 279 3133; x_wconf 81' lang='grc' dir='ltr'><strong>τὰ</strong></span> <span class='ocrx_word' id='word_1_159' title='bbox 293 3075 319 3133; x_wconf 89' lang='grc' dir='ltr'><strong>δ’</strong></span> <span class='ocrx_word' id='word_1_160' title='bbox 332 3074 408 3134; x_wconf 76' lang='grc' dir='ltr'>ἄλλα</span> <span class='ocrx_word' id='word_1_161' title='bbox 420 3079 509 3132; x_wconf 88' lang='grc' dir='ltr'>πάντα</span> <span class='ocrx_word' id='word_1_162' title='bbox 522 3079 576 3131; x_wconf 86' lang='grc' dir='ltr'><strong>τῶν</strong></span> <span class='ocrx_word' id='word_1_163' title='bbox 592 3079 723 3152; x_wconf 83' lang='grc' dir='ltr'>μεγίστων</span> <span class='ocrx_word' id='word_1_164' title='bbox 735 3080 871 3155; x_wconf 76' lang='grc' dir='ltr'>ποιμένων</span> 
     </span>
     <span class='ocr_line' id='line_1_29' title="bbox 247 3162 854 3244; baseline -0.003 -20"><span class='ocrx_word' id='word_1_165' title='bbox 247 3165 355 3242; x_wconf 85' lang='grc' dir='ltr'>βλέπων</span> <span class='ocrx_word' id='word_1_166' title='bbox 367 3166 414 3222; x_wconf 90' lang='grc' dir='ltr'><strong>τδν</strong></span> <span class='ocrx_word' id='word_1_167' title='bbox 428 3162 515 3244; x_wconf 83' lang='grc' dir='ltr'>άνδρα</span> <span class='ocrx_word' id='word_1_168' title='bbox 531 3162 649 3242; x_wconf 89' lang='grc' dir='ltr'>μηδενός</span> <span class='ocrx_word' id='word_1_169' title='bbox 661 3164 854 3244; x_wconf 80' lang='grc' dir='ltr'>λελειμμένον,</span> 
     </span>
     <span class='ocr_line' id='line_1_30' title="bbox 245 3254 801 3334; baseline -0.002 -23"><span class='ocrx_word' id='word_1_170' title='bbox 245 3254 361 3313; x_wconf 88' lang='grc' dir='ltr'>ίντοιῦθα</span> <span class='ocrx_word' id='word_1_171' title='bbox 374 3259 481 3319; x_wconf 87' lang='grc' dir='ltr'>τούτοις</span> <span class='ocrx_word' id='word_1_172' title='bbox 494 3256 602 3318; x_wconf 78' lang='grc' dir='ltr'>εἰκότως</span> <span class='ocrx_word' id='word_1_173' title='bbox 614 3259 801 3334; x_wconf 85' lang='grc' dir='ltr'>συνεγγράρω,</span> 
     </span>
    </p>
   </div>
   <div class='ocr_carea' id='block_1_10' title="bbox 421 3401 752 3572">
    <p class='ocr_par' dir='ltr' id='par_1_18' title="bbox 421 3401 752 3572">
     <span class='ocr_line' id='line_1_31' title="bbox 431 3401 741 3464; baseline 0.006 -2"><span class='ocrx_word' id='word_1_174' title='bbox 431 3404 501 3462; x_wconf 60' lang='lat' dir='ltr'><strong>dib.</strong></span> <span class='ocrx_word' id='word_1_175' title='bbox 523 3401 741 3464; x_wconf 80' lang='grc' dir='ltr'><strong>ΑΔΕΣΠΟΤΟΝ.</strong></span> 
     </span>
     <span class='ocr_line' id='line_1_32' title="bbox 421 3504 752 3572; baseline 0 -14"><span class='ocrx_word' id='word_1_176' title='bbox 421 3507 512 3572; x_wconf 71' lang='grc' dir='ltr'>Μήτηρ</span> <span class='ocrx_word' id='word_1_177' title='bbox 526 3504 616 3564; x_wconf 69' lang='lat' dir='ltr'><strong>Oreioi</strong></span> <span class='ocrx_word' id='word_1_178' title='bbox 629 3505 752 3566; x_wconf 76' lang='grc' dir='ltr'>ἀνίκητος.</span> 
     </span>
    </p>
   </div>
   <div class='ocr_carea' id='block_1_11' title="bbox 245 3614 827 3706">
    <p class='ocr_par' dir='ltr' id='par_1_19' title="bbox 245 3614 827 3706">
     <span class='ocr_line' id='line_1_33' title="bbox 245 3614 827 3706; baseline 0 -22"><span class='ocrx_word' id='word_1_179' title='bbox 245 3614 321 3706; x_wconf 74' lang='grc' dir='ltr'>λ”δωρ</span> <span class='ocrx_word' id='word_1_180' title='bbox 336 3627 366 3684; x_wconf 91' lang='grc' dir='ltr'><strong>τδ</strong></span> <span class='ocrx_word' id='word_1_181' title='bbox 378 3627 440 3705; x_wconf 80' lang='grc' dir='ltr'>πρὶν</span> <span class='ocrx_word' id='word_1_182' title='bbox 458 3627 506 3703; x_wconf 81' lang='grc' dir='ltr'><strong>μέν</strong></span> <span class='ocrx_word' id='word_1_183' title='bbox 520 3628 552 3682; x_wconf 82' lang='grc' dir='ltr'><strong>έκ</strong></span> <span class='ocrx_word' id='word_1_184' title='bbox 564 3629 663 3705; x_wconf 87' lang='grc' dir='ltr'>πέτρας</span> <span class='ocrx_word' id='word_1_185' title='bbox 674 3629 735 3706; x_wconf 81' lang='grc' dir='ltr'>ρυέν</span> <span class='ocrx_word' id='word_1_186' title='bbox 747 3623 827 3694; x_wconf 75' lang='grc' dir='ltr'>ξίνως</span> 
     </span>
    </p>
   </div>
   <div class='ocr_carea' id='block_1_12' title="bbox 245 3713 827 3883">
    <p class='ocr_par' dir='ltr' id='par_1_20' title="bbox 245 3713 827 3883">
     <span class='ocr_line' id='line_1_34' title="bbox 245 3713 827 3795; baseline 0 -23"><span class='ocrx_word' id='word_1_187' title='bbox 245 3719 317 3795; x_wconf 76' lang='grc' dir='ltr'>εὐχῇ</span> <span class='ocrx_word' id='word_1_188' title='bbox 331 3713 462 3794; x_wconf 77' lang='grc' dir='ltr'>προήχθη</span> <span class='ocrx_word' id='word_1_189' title='bbox 478 3719 527 3771; x_wconf 89' lang='grc' dir='ltr'><strong>τοῦ</strong></span> <span class='ocrx_word' id='word_1_190' title='bbox 542 3717 685 3793; x_wconf 73' lang='grc' dir='ltr'>προφήτου</span> <span class='ocrx_word' id='word_1_191' title='bbox 701 3717 827 3788; x_wconf 85' lang='grc' dir='ltr'>Μωσέως,</span> 
     </span>
     <span class='ocr_line' id='line_1_35' title="bbox 245 3801 811 3883; baseline -0.002 -22"><span class='ocrx_word' id='word_1_192' title='bbox 245 3806 275 3862; x_wconf 88' lang='grc' dir='ltr'><strong>τύ</strong></span> <span class='ocrx_word' id='word_1_193' title='bbox 289 3807 336 3862; x_wconf 86' lang='grc' dir='ltr'><strong>νῦν</strong></span> <span class='ocrx_word' id='word_1_194' title='bbox 353 3802 383 3861; x_wconf 77' lang='grc' dir='ltr'><strong>δέ</strong></span> <span class='ocrx_word' id='word_1_195' title='bbox 397 3807 477 3860; x_wconf 88' lang='grc' dir='ltr'>τοῦτο</span> <span class='ocrx_word' id='word_1_196' title='bbox 494 3802 611 3880; x_wconf 79' lang='grc' dir='ltr'>Μιχαὴλ</span> <span class='ocrx_word' id='word_1_197' title='bbox 625 3801 733 3882; x_wconf 72' lang='grc' dir='ltr'>σπουδῇ</span> <span class='ocrx_word' id='word_1_198' title='bbox 747 3805 811 3883; x_wconf 75' lang='grc' dir='ltr'>ῥέει,</span> 
     </span>
    </p>
   </div>
   <div class='ocr_carea' id='block_1_13' title="bbox 245 3889 840 3973">
    <p class='ocr_par' dir='ltr' id='par_1_21' title="bbox 245 3889 840 3973">
     <span class='ocr_line' id='line_1_36' title="bbox 245 3889 840 3973; baseline -0.003 -23"><span class='ocrx_word' id='word_1_199' title='bbox 245 3895 276 3950; x_wconf 86' lang='grc' dir='ltr'><strong>δν</strong></span> <span class='ocrx_word' id='word_1_200' title='bbox 291 3889 370 3965; x_wconf 78' lang='grc' dir='ltr'>σῶζε,</span> <span class='ocrx_word' id='word_1_201' title='bbox 386 3892 494 3973; x_wconf 82' lang='grc' dir='ltr'>Χριστί,</span> <span class='ocrx_word' id='word_1_202' title='bbox 508 3895 556 3947; x_wconf 90' lang='grc' dir='ltr'><strong>κα1</strong></span> <span class='ocrx_word' id='word_1_203' title='bbox 570 3895 694 3947; x_wconf 90' lang='grc' dir='ltr'>σύνευνον</span> <span class='ocrx_word' id='word_1_204' title='bbox 708 3893 840 3971; x_wconf 73' lang='grc' dir='ltr'>Εἰρήνην.</span> 
     </span>
    </p>
   </div>
   <div class='ocr_carea' id='block_1_14' title="bbox 388 4042 778 4210">
    <p class='ocr_par' dir='ltr' id='par_1_22' title="bbox 388 4042 778 4210">
     <span class='ocr_line' id='line_1_37' title="bbox 489 4042 669 4104; baseline 0.006 -5"><span class='ocrx_word' id='word_1_205' title='bbox 489 4042 558 4100; x_wconf 83' lang='grc'><strong>113.</strong></span> <span class='ocrx_word' id='word_1_206' title='bbox 574 4054 669 4104; x_wconf 77' lang='lat' dir='ltr'><strong>uano.</strong></span> 
     </span>
     <span class='ocr_line' id='line_1_38' title="bbox 388 4143 778 4210; baseline 0 -14"><span class='ocrx_word' id='word_1_207' title='bbox 388 4145 428 4201; x_wconf 68' lang='lat' dir='ltr'><strong>m:</strong></span> <span class='ocrx_word' id='word_1_208' title='bbox 441 4143 483 4194; x_wconf 78' lang='grc' dir='ltr'><strong>τόν</strong></span> <span class='ocrx_word' id='word_1_209' title='bbox 504 4144 660 4210; x_wconf 82' lang='grc' dir='ltr'>Ἀρχάγγιλον</span> <span class='ocrx_word' id='word_1_210' title='bbox 673 4147 778 4210; x_wconf 80' lang='grc' dir='ltr'>Μιχαήλ.</span> 
     </span>
    </p>
   </div>
   <div class='ocr_carea' id='block_1_15' title="bbox 174 4261 932 4960">
    <p class='ocr_par' dir='ltr' id='par_1_23' title="bbox 243 4261 932 4607">
     <span class='ocr_line' id='line_1_39' title="bbox 244 4261 932 4344; baseline 0 -20"><span class='ocrx_word' id='word_1_211' title='bbox 244 4269 316 4340; x_wconf 85' lang='grc' dir='ltr'>Φῶς,</span> <span class='ocrx_word' id='word_1_212' title='bbox 333 4268 442 4343; x_wconf 88' lang='grc' dir='ltr'>πνεῦμα</span> <span class='ocrx_word' id='word_1_213' title='bbox 456 4267 504 4320; x_wconf 85' lang='grc' dir='ltr'><strong>καί</strong></span> <span class='ocrx_word' id='word_1_214' title='bbox 516 4268 570 4343; x_wconf 85' lang='grc' dir='ltr'><strong>πῦρ</strong></span> <span class='ocrx_word' id='word_1_215' title='bbox 583 4261 697 4342; x_wconf 83' lang='grc' dir='ltr'>οίδαμεν</span> <span class='ocrx_word' id='word_1_216' title='bbox 712 4269 775 4331; x_wconf 87' lang='grc' dir='ltr'>τοὺς</span> <span class='ocrx_word' id='word_1_217' title='bbox 789 4265 932 4344; x_wconf 81' lang='grc' dir='ltr'>ἀγγέλους,</span> 
     </span>
     <span class='ocr_line' id='line_1_40' title="bbox 243 4351 866 4431; baseline 0 -23"><span class='ocrx_word' id='word_1_218' title='bbox 243 4354 343 4417; x_wconf 86' lang='grc' dir='ltr'>παντός</span> <span class='ocrx_word' id='word_1_219' title='bbox 355 4355 463 4430; x_wconf 87' lang='grc' dir='ltr'>πάχους</span> <span class='ocrx_word' id='word_1_220' title='bbox 474 4371 503 4407; x_wconf 92' lang='grc' dir='ltr'><strong>τε</strong></span> <span class='ocrx_word' id='word_1_221' title='bbox 515 4355 564 4407; x_wconf 85' lang='grc' dir='ltr'><strong>καὶ</strong></span> <span class='ocrx_word' id='word_1_222' title='bbox 576 4351 680 4416; x_wconf 89' lang='grc' dir='ltr'>πάθους</span> <span class='ocrx_word' id='word_1_223' title='bbox 692 4353 866 4431; x_wconf 86' lang='grc' dir='ltr'>ὑπερτέρους·</span> 
     </span>
     <span class='ocr_line' id='line_1_41' title="bbox 244 4438 841 4518; baseline -0.003 -21"><span class='ocrx_word' id='word_1_224' title='bbox 244 4441 308 4497; x_wconf 84' lang='grc' dir='ltr'>ἀλλ’</span> <span class='ocrx_word' id='word_1_225' title='bbox 323 4443 337 4496; x_wconf 89' lang='lat' dir='ltr'><strong>d</strong></span> <span class='ocrx_word' id='word_1_226' title='bbox 352 4441 504 4518; x_wconf 88' lang='grc' dir='ltr'>στρατηγός</span> <span class='ocrx_word' id='word_1_227' title='bbox 516 4443 569 4494; x_wconf 85' lang='grc' dir='ltr'><strong>τῶν</strong></span> <span class='ocrx_word' id='word_1_228' title='bbox 584 4439 676 4496; x_wconf 83' lang='grc' dir='ltr'>άθλων</span> <span class='ocrx_word' id='word_1_229' title='bbox 693 4438 841 4517; x_wconf 86' lang='grc' dir='ltr'>θαυμάτων</span> 
     </span>
     <span class='ocr_line' id='line_1_42' title="bbox 243 4527 810 4607; baseline 0.002 -22"><span class='ocrx_word' id='word_1_230' title='bbox 243 4531 340 4600; x_wconf 82' lang='grc' dir='ltr'>έστηκε</span> <span class='ocrx_word' id='word_1_231' title='bbox 353 4530 473 4607; x_wconf 70' lang='grc' dir='ltr'>γραπτῦς</span> <span class='ocrx_word' id='word_1_232' title='bbox 489 4527 589 4585; x_wconf 83' lang='grc' dir='ltr'>ύλικῶν</span> <span class='ocrx_word' id='word_1_233' title='bbox 604 4530 635 4584; x_wconf 77' lang='grc' dir='ltr'><strong>ἐκ</strong></span> <span class='ocrx_word' id='word_1_234' title='bbox 643 4532 810 4606; x_wconf 88' lang='grc' dir='ltr'>χρωμάτων.</span> 
     </span>
    </p>

    <p class='ocr_par' dir='ltr' id='par_1_24' title="bbox 174 4608 871 4960">
     <span class='ocr_line' id='line_1_43' title="bbox 174 4608 804 4695; baseline -0.002 -22"><span class='ocrx_word' id='word_1_235' title='bbox 174 4642 188 4688; x_wconf 76' lang='lat'><strong>5</strong></span> <span class='ocrx_word' id='word_1_236' title='bbox 232 4608 267 4673; x_wconf 81' lang='grc' dir='ltr'><strong><em>Ὦ</em></strong></span> <span class='ocrx_word' id='word_1_237' title='bbox 282 4621 379 4682; x_wconf 81' lang='grc' dir='ltr'>πίστις,</span> <span class='ocrx_word' id='word_1_238' title='bbox 396 4614 442 4673; x_wconf 79' lang='lat' dir='ltr'><strong>olor</strong></span> <span class='ocrx_word' id='word_1_239' title='bbox 456 4615 674 4695; x_wconf 82' lang='grc' dir='ltr'>θαυματουργτῐν</span> <span class='ocrx_word' id='word_1_240' title='bbox 688 4617 804 4694; x_wconf 88' lang='grc' dir='ltr'>ίσχύειςί</span> 
     </span>
     <span class='ocr_line' id='line_1_44' title="bbox 244 4705 856 4784; baseline -0.002 -23"><span class='ocrx_word' id='word_1_241' title='bbox 244 4709 279 4772; x_wconf 83' lang='grc' dir='ltr'>ὡς</span> <span class='ocrx_word' id='word_1_242' title='bbox 293 4708 379 4783; x_wconf 76' lang='grc' dir='ltr'>ῥᾷστα</span> <span class='ocrx_word' id='word_1_243' title='bbox 396 4707 509 4783; x_wconf 82' lang='grc' dir='ltr'>μορροῖς</span> <span class='ocrx_word' id='word_1_244' title='bbox 521 4705 571 4774; x_wconf 72' lang='grc' dir='ltr'>τὴν</span> <span class='ocrx_word' id='word_1_245' title='bbox 587 4706 750 4782; x_wconf 83' lang='grc' dir='ltr'>ἀμόριρωτον</span> <span class='ocrx_word' id='word_1_246' title='bbox 763 4706 856 4784; x_wconf 85' lang='grc' dir='ltr'>ρύσινί</span> 
     </span>
     <span class='ocr_line' id='line_1_45' title="bbox 244 4789 871 4871; baseline -0.002 -22"><span class='ocrx_word' id='word_1_247' title='bbox 244 4793 320 4865; x_wconf 83' lang='grc' dir='ltr'>Πλὴν</span> <span class='ocrx_word' id='word_1_248' title='bbox 335 4795 354 4864; x_wconf 82' lang='grc' dir='ltr'><strong>ἠ</strong></span> <span class='ocrx_word' id='word_1_249' title='bbox 369 4795 462 4871; x_wconf 85' lang='grc' dir='ltr'>γραρή</span> <span class='ocrx_word' id='word_1_250' title='bbox 479 4789 598 4848; x_wconf 88' lang='grc' dir='ltr'>δείκνυσι</span> <span class='ocrx_word' id='word_1_251' title='bbox 608 4793 654 4847; x_wconf 81' lang='grc' dir='ltr'><strong>τὸν</strong></span> <span class='ocrx_word' id='word_1_252' title='bbox 667 4796 871 4870; x_wconf 81' lang='grc' dir='ltr'>γεγραμμένον,</span> 
     </span>
     <span class='ocr_line' id='line_1_46' title="bbox 244 4876 830 4960; baseline 0.002 -22"><span class='ocrx_word' id='word_1_253' title='bbox 244 4885 298 4960; x_wconf 86' lang='grc' dir='ltr'><strong>ούχ</strong></span> <span class='ocrx_word' id='word_1_254' title='bbox 309 4885 344 4948; x_wconf 83' lang='grc' dir='ltr'>ὦς</span> <span class='ocrx_word' id='word_1_255' title='bbox 354 4885 483 4960; x_wconf 85' lang='grc' dir='ltr'>πίρυκεν,</span> <span class='ocrx_word' id='word_1_256' title='bbox 500 4883 535 4945; x_wconf 82' lang='grc' dir='ltr'>ὡς</span> <span class='ocrx_word' id='word_1_257' title='bbox 547 4878 572 4935; x_wconf 88' lang='grc' dir='ltr'><strong>δ’</strong></span> <span class='ocrx_word' id='word_1_258' title='bbox 587 4876 671 4945; x_wconf 74' lang='grc' dir='ltr'>ἔδειξε</span> <span class='ocrx_word' id='word_1_259' title='bbox 685 4879 830 4946; x_wconf 86' lang='grc' dir='ltr'>πολλάκις.</span> 
     </span>
    </p>
   </div>
   <div class='ocr_carea' id='block_1_16' title="bbox 474 5023 689 5191">
    <p class='ocr_par' dir='ltr' id='par_1_25' title="bbox 474 5023 689 5191">
     <span class='ocr_line' id='line_1_47' title="bbox 491 5023 673 5082; baseline -0.016 -1"><span class='ocrx_word' id='word_1_260' title='bbox 491 5023 558 5082; x_wconf 89' lang='grc'><strong>111.</strong></span> <span class='ocrx_word' id='word_1_261' title='bbox 576 5030 673 5079; x_wconf 52' lang='lat' dir='ltr'><strong>aiano.</strong></span> 
     </span>
     <span class='ocr_line' id='line_1_48' title="bbox 474 5125 689 5191; baseline 0 -15"><span class='ocrx_word' id='word_1_262' title='bbox 474 5127 523 5191; x_wconf 62' lang='lat' dir='ltr'><strong>[sla</strong></span> <span class='ocrx_word' id='word_1_263' title='bbox 538 5125 579 5176; x_wconf 80' lang='grc' dir='ltr'><strong>τὸν</strong></span> <span class='ocrx_word' id='word_1_264' title='bbox 594 5127 689 5191; x_wconf 68' lang='grc' dir='ltr'>αὐτόν]</span> 
     </span>
    </p>
   </div>
   <div class='ocr_carea' id='block_1_17' title="bbox 203 5243 935 5326">
    <p class='ocr_par' dir='ltr' id='par_1_26' title="bbox 203 5243 935 5326">
     <span class='ocr_line' id='line_1_49' title="bbox 203 5243 935 5326; baseline 0.041 -49"><span class='ocrx_word' id='word_1_265' title='bbox 203 5249 275 5321; x_wconf 56' lang='grc' dir='ltr'>φῶς,</span> <span class='ocrx_word' id='word_1_266' title='bbox 291 5247 411 5324; x_wconf 58' lang='grc' dir='ltr'>πνεῦμα,</span> <span class='ocrx_word' id='word_1_267' title='bbox 427 5249 499 5316; x_wconf 63' lang='grc' dir='ltr'>νοῦς,</span> <span class='ocrx_word' id='word_1_268' title='bbox 512 5249 565 5323; x_wconf 76' lang='grc' dir='ltr'>πῦρ</span> <span class='ocrx_word' id='word_1_269' title='bbox 580 5248 627 5300; x_wconf 85' lang='grc' dir='ltr'><strong>καί</strong></span> <span class='ocrx_word' id='word_1_270' title='bbox 640 5243 779 5324; x_wconf 85' lang='grc' dir='ltr'>ρλογῶδές</span> <span class='ocrx_word' id='word_1_271' title='bbox 793 5266 837 5303; x_wconf 91' lang='grc' dir='ltr'>σοι</span> <span class='ocrx_word' id='word_1_272' title='bbox 850 5244 935 5326; x_wconf 76' lang='grc' dir='ltr'>Είρος,</span> 
     </span>
    </p>
   </div>
   <div class='ocr_carea' id='block_1_18' title="bbox 1021 767 1784 1804">
    <p class='ocr_par' dir='ltr' id='par_1_27' title="bbox 1021 767 1784 1804">
     <span class='ocr_line' id='line_1_50' title="bbox 1022 767 1782 844; baseline 0.004 -19"><span class='ocrx_word' id='word_1_273' title='bbox 1022 769 1058 825; x_wconf 88' lang='lat' dir='ltr'><strong>Et</strong></span> <span class='ocrx_word' id='word_1_274' title='bbox 1066 767 1129 825; x_wconf 88' lang='lat' dir='ltr'><strong>olim</strong></span> <span class='ocrx_word' id='word_1_275' title='bbox 1138 768 1354 844; x_wconf 85' lang='lat' dir='ltr'><strong>quadrupedum,</strong></span> <span class='ocrx_word' id='word_1_276' title='bbox 1362 767 1782 842; x_wconf 86' lang='lat' dir='ltr'><strong>quiloborantcsalllicticsscnt‚</strong></span> 
     </span>
     <span class='ocr_line' id='line_1_51' title="bbox 1022 855 1663 931; baseline 0.006 -19"><span class='ocrx_word' id='word_1_277' title='bbox 1022 856 1067 912; x_wconf 91' lang='lat' dir='ltr'><strong>hlo</strong></span> <span class='ocrx_word' id='word_1_278' title='bbox 1081 856 1263 930; x_wconf 85' lang='lat' dir='ltr'><strong>projectorum</strong></span> <span class='ocrx_word' id='word_1_279' title='bbox 1274 856 1343 913; x_wconf 91' lang='lat' dir='ltr'><strong>odor</strong></span> <span class='ocrx_word' id='word_1_280' title='bbox 1354 855 1537 913; x_wconf 72' lang='lat' dir='ltr'><strong>suscitabatur</strong></span> <span class='ocrx_word' id='word_1_281' title='bbox 1549 855 1642 931; x_wconf 77' lang='lat' dir='ltr'><strong>gravis</strong></span> <span class='ocrx_word' id='word_1_282' title='bbox 1656 875 1663 916; x_wconf 75' lang='grc' dir='ltr'><strong>τ</strong></span> 
     </span>
     <span class='ocr_line' id='line_1_52' title="bbox 1022 942 1784 1019; baseline 0 -17"><span class='ocrx_word' id='word_1_283' title='bbox 1022 960 1095 1019; x_wconf 78' lang='lat' dir='ltr'><strong>steps</strong></span> <span class='ocrx_word' id='word_1_284' title='bbox 1109 952 1137 1002; x_wconf 91' lang='lat' dir='ltr'><strong>et</strong></span> <span class='ocrx_word' id='word_1_285' title='bbox 1148 943 1307 1019; x_wconf 78' lang='lat' dir='ltr'><strong>praeteriens</strong></span> <span class='ocrx_word' id='word_1_286' title='bbox 1321 942 1419 1018; x_wconf 88' lang='lat' dir='ltr'><strong>aliquis</strong></span> <span class='ocrx_word' id='word_1_287' title='bbox 1431 943 1484 1000; x_wconf 92' lang='lat' dir='ltr'><strong>sihi</strong></span> <span class='ocrx_word' id='word_1_288' title='bbox 1494 944 1677 1019; x_wconf 77' lang='lat' dir='ltr'>apprehendit</span> <span class='ocrx_word' id='word_1_289' title='bbox 1687 963 1784 1004; x_wconf 90' lang='lat' dir='ltr'><strong>nasum</strong></span> 
     </span>
     <span class='ocr_line' id='line_1_53' title="bbox 1022 1030 1781 1106; baseline 0.001 -19"><span class='ocrx_word' id='word_1_290' title='bbox 1022 1030 1656 1106; x_wconf 79' lang='lat' dir='ltr'><strong>ethalituspratereacucurritmalumodorem</strong></span> <span class='ocrx_word' id='word_1_291' title='bbox 1666 1031 1781 1090; x_wconf 78' lang='lat' dir='ltr'><strong>evitans.</strong></span> 
     </span>
     <span class='ocr_line' id='line_1_54' title="bbox 1022 1117 1783 1194; baseline 0.004 -19"><span class='ocrx_word' id='word_1_292' title='bbox 1022 1119 1100 1175; x_wconf 91' lang='lat' dir='ltr'><strong>Nunc</strong></span> <span class='ocrx_word' id='word_1_293' title='bbox 1123 1125 1214 1176; x_wconf 85' lang='lat' dir='ltr'><strong>autem</strong></span> <span class='ocrx_word' id='word_1_294' title='bbox 1234 1136 1285 1194; x_wconf 87' lang='lat' dir='ltr'><strong>per</strong></span> <span class='ocrx_word' id='word_1_295' title='bbox 1304 1118 1469 1176; x_wconf 87' lang='lat' dir='ltr'><strong>ambrosium</strong></span> <span class='ocrx_word' id='word_1_296' title='bbox 1495 1117 1583 1176; x_wconf 90' lang='lat' dir='ltr'><strong>solum</strong></span> <span class='ocrx_word' id='word_1_297' title='bbox 1610 1125 1783 1178; x_wconf 77' lang='lat' dir='ltr'><strong>transeuntes</strong></span> 
     </span>
     <span class='ocr_line' id='line_1_55' title="bbox 1022 1206 1782 1281; baseline 0.005 -18"><span class='ocrx_word' id='word_1_298' title='bbox 1022 1207 1147 1264; x_wconf 82' lang='lat' dir='ltr'><strong>dextram</strong></span> <span class='ocrx_word' id='word_1_299' title='bbox 1159 1225 1269 1265; x_wconf 90' lang='lat' dir='ltr'><strong>manum</strong></span> <span class='ocrx_word' id='word_1_300' title='bbox 1281 1224 1337 1265; x_wconf 77' lang='lat' dir='ltr'><strong>suae</strong></span> <span class='ocrx_word' id='word_1_301' title='bbox 1351 1207 1490 1265; x_wconf 88' lang='lat' dir='ltr'><strong>adducunt</strong></span> <span class='ocrx_word' id='word_1_302' title='bbox 1503 1206 1586 1264; x_wconf 79' lang='lat' dir='ltr'><strong>fronti</strong></span> <span class='ocrx_word' id='word_1_303' title='bbox 1642 1208 1782 1281; x_wconf 62' lang='lat' dir='ltr'><strong>[viatores</strong></span> 
     </span>
     <span class='ocr_line' id='line_1_56' title="bbox 1023 1295 1783 1370; baseline 0.004 -19"><span class='ocrx_word' id='word_1_304' title='bbox 1023 1295 1111 1352; x_wconf 90' lang='lat' dir='ltr'><strong>crucis</strong></span> <span class='ocrx_word' id='word_1_305' title='bbox 1140 1297 1261 1370; x_wconf 90' lang='lat' dir='ltr'><strong>pretioso</strong></span> <span class='ocrx_word' id='word_1_306' title='bbox 1284 1295 1364 1370; x_wconf 81' lang='lat' dir='ltr'><strong>signo</strong></span> <span class='ocrx_word' id='word_1_307' title='bbox 1385 1295 1502 1352; x_wconf 90' lang='lat' dir='ltr'><strong>animum</strong></span> <span class='ocrx_word' id='word_1_308' title='bbox 1523 1302 1783 1355; x_wconf 86' lang='lat' dir='ltr'><strong>ante-rem-sacram·</strong></span> 
     </span>
     <span class='ocr_line' id='line_1_57' title="bbox 1022 1382 1781 1458; baseline 0.004 -20"><span class='ocrx_word' id='word_1_309' title='bbox 1022 1382 1052 1438; x_wconf 91' lang='lat' dir='ltr'><strong>Si</strong></span> <span class='ocrx_word' id='word_1_310' title='bbox 1066 1383 1107 1438; x_wconf 81' lang='lat' dir='ltr'><strong>vis</strong></span> <span class='ocrx_word' id='word_1_311' title='bbox 1122 1390 1150 1440; x_wconf 92' lang='lat' dir='ltr'><strong>et</strong></span> <span class='ocrx_word' id='word_1_312' title='bbox 1163 1384 1216 1440; x_wconf 92' lang='lat' dir='ltr'><strong>hoc</strong></span> <span class='ocrx_word' id='word_1_313' title='bbox 1228 1382 1330 1446; x_wconf 88' lang='lat' dir='ltr'><strong>doceri,</strong></span> <span class='ocrx_word' id='word_1_314' title='bbox 1344 1389 1375 1439; x_wconf 93' lang='lat' dir='ltr'><strong>ut</strong></span> <span class='ocrx_word' id='word_1_315' title='bbox 1387 1382 1457 1438; x_wconf 89' lang='lat' dir='ltr'><strong>hene</strong></span> <span class='ocrx_word' id='word_1_316' title='bbox 1472 1382 1564 1439; x_wconf 84' lang='lat' dir='ltr'><strong>scias:</strong></span> <span class='ocrx_word' id='word_1_317' title='bbox 1618 1382 1781 1458; x_wconf 83' lang='lat' dir='ltr'><strong>[expiantes.</strong></span> 
     </span>
     <span class='ocr_line' id='line_1_58' title="bbox 1021 1467 1783 1544; baseline 0 -18"><span class='ocrx_word' id='word_1_318' title='bbox 1021 1470 1123 1528; x_wconf 82' lang='lat' dir='ltr'><strong>AEneas</strong></span> <span class='ocrx_word' id='word_1_319' title='bbox 1140 1470 1242 1526; x_wconf 87' lang='lat' dir='ltr'><strong>hancce</strong></span> <span class='ocrx_word' id='word_1_320' title='bbox 1261 1467 1470 1544; x_wconf 83' lang='lat' dir='ltr'><strong>pulcritudinem</strong></span> <span class='ocrx_word' id='word_1_321' title='bbox 1495 1469 1562 1527; x_wconf 90' lang='lat' dir='ltr'><strong>mihi</strong></span> <span class='ocrx_word' id='word_1_322' title='bbox 1582 1469 1658 1526; x_wconf 90' lang='lat' dir='ltr'><strong>dedit</strong></span> <span class='ocrx_word' id='word_1_323' title='bbox 1677 1486 1783 1527; x_wconf 85' lang='lat' dir='ltr'><strong>amore·</strong></span> 
     </span>
     <span class='ocr_line' id='line_1_59' title="bbox 1649 1557 1781 1633; baseline -0.03 0"><span class='ocrx_word' id='word_1_324' title='bbox 1649 1557 1781 1633; x_wconf 66' lang='lat' dir='ltr'><strong>idimon,</strong></span> 
     </span>
     <span class='ocr_line' id='line_1_60' title="bbox 1023 1642 1781 1719; baseline 0.003 -18"><span class='ocrx_word' id='word_1_325' title='bbox 1023 1643 1389 1719; x_wconf 79' lang='lat' dir='ltr'><strong>omni-sapientia-proeditus</strong></span> <span class='ocrx_word' id='word_1_326' title='bbox 1403 1643 1505 1717; x_wconf 90' lang='lat' dir='ltr'><strong>pietate</strong></span> <span class='ocrx_word' id='word_1_327' title='bbox 1517 1642 1781 1714; x_wconf 65' lang='lat' dir='ltr'><strong>cum-idemest-</strong></span> 
     </span>
     <span class='ocr_line' id='line_1_61' title="bbox 1632 1732 1780 1804; baseline 0.02 -16"><span class='ocrx_word' id='word_1_328' title='bbox 1632 1732 1780 1804; x_wconf 78' lang='lat' dir='ltr'><strong>[sacerdos.</strong></span> 
     </span>
    </p>
   </div>
   <div class='ocr_carea' id='block_1_19' title="bbox 1149 1880 1659 2046">
    <p class='ocr_par' dir='ltr' id='par_1_28' title="bbox 1149 1880 1659 2046">
     <span class='ocr_line' id='line_1_62' title="bbox 1149 1880 1659 1940; baseline -0.002 -1"><span class='ocrx_word' id='word_1_329' title='bbox 1149 1885 1211 1939; x_wconf 81' lang='grc'><strong>111.</strong></span> <span class='ocrx_word' id='word_1_330' title='bbox 1231 1881 1379 1939; x_wconf 79' lang='lat' dir='ltr'>JOANNIS</span> <span class='ocrx_word' id='word_1_331' title='bbox 1400 1880 1659 1940; x_wconf 83' lang='lat' dir='ltr'>EUCHAITORUM</span> 
     </span>
     <span class='ocr_line' id='line_1_63' title="bbox 1238 1978 1571 2046; baseline -0.003 -16"><span class='ocrx_word' id='word_1_332' title='bbox 1238 1979 1422 2046; x_wconf 81' lang='lat' dir='ltr'><strong>[metropolitae</strong></span> <span class='ocrx_word' id='word_1_333' title='bbox 1434 1978 1571 2045; x_wconf 76' lang='lat' dir='ltr'><strong>episcopi]</strong></span> 
     </span>
    </p>
   </div>
   <div class='ocr_carea' id='block_1_20' title="bbox 1020 2103 1779 3232">
    <p class='ocr_par' dir='ltr' id='par_1_29' title="bbox 1021 2103 1668 2179">
     <span class='ocr_line' id='line_1_64' title="bbox 1021 2103 1668 2179; baseline 0.003 -17"><span class='ocrx_word' id='word_1_334' title='bbox 1021 2104 1074 2175; x_wconf 86' lang='lat' dir='ltr'><strong>Qui</strong></span> <span class='ocrx_word' id='word_1_335' title='bbox 1087 2105 1209 2162; x_wconf 78' lang='lat' dir='ltr'><strong>historia</strong></span> <span class='ocrx_word' id='word_1_336' title='bbox 1218 2103 1344 2161; x_wconf 82' lang='lat' dir='ltr'><strong>mandavi</strong></span> <span class='ocrx_word' id='word_1_337' title='bbox 1358 2103 1496 2179; x_wconf 88' lang='lat' dir='ltr'><strong>sapientes</strong></span> <span class='ocrx_word' id='word_1_338' title='bbox 1511 2106 1668 2178; x_wconf 77' lang='lat' dir='ltr'><strong>magistros,</strong></span> 
     </span>
    </p>

    <p class='ocr_par' dir='ltr' id='par_1_30' title="bbox 1021 2192 1573 2260">
     <span class='ocr_line' id='line_1_65' title="bbox 1021 2192 1573 2260; baseline -0.005 -9"><span class='ocrx_word' id='word_1_339' title='bbox 1021 2200 1049 2251; x_wconf 91' lang='lat' dir='ltr'><strong>et</strong></span> <span class='ocrx_word' id='word_1_340' title='bbox 1061 2193 1263 2251; x_wconf 72' lang='lat' dir='ltr'><strong>‘theodoretum</strong></span> <span class='ocrx_word' id='word_1_341' title='bbox 1278 2209 1339 2249; x_wconf 91' lang='lat' dir='ltr'><strong>cum</strong></span> <span class='ocrx_word' id='word_1_342' title='bbox 1351 2192 1405 2250; x_wconf 91' lang='lat' dir='ltr'><strong>illis</strong></span> <span class='ocrx_word' id='word_1_343' title='bbox 1419 2192 1573 2260; x_wconf 78' lang='lat' dir='ltr'><strong>conscribo,</strong></span> 
     </span>
    </p>

    <p class='ocr_par' dir='ltr' id='par_1_31' title="bbox 1021 2273 1659 2354">
     <span class='ocr_line' id='line_1_66' title="bbox 1021 2273 1659 2354; baseline -0.005 -15"><span class='ocrx_word' id='word_1_344' title='bbox 1021 2288 1052 2339; x_wconf 89' lang='lat' dir='ltr'><strong>ut</strong></span> <span class='ocrx_word' id='word_1_345' title='bbox 1065 2281 1152 2339; x_wconf 84' lang='lat' dir='ltr'><strong>virum</strong></span> <span class='ocrx_word' id='word_1_346' title='bbox 1166 2281 1297 2350; x_wconf 83' lang='lat' dir='ltr'><strong>divinum,</strong></span> <span class='ocrx_word' id='word_1_347' title='bbox 1313 2273 1343 2338; x_wconf 87' lang='lat' dir='ltr'><strong>ut</strong></span> <span class='ocrx_word' id='word_1_348' title='bbox 1353 2279 1516 2354; x_wconf 77' lang='lat' dir='ltr'><strong>magistrum</strong></span> <span class='ocrx_word' id='word_1_349' title='bbox 1531 2297 1659 2354; x_wconf 77' lang='lat' dir='ltr'><strong>magnum</strong></span> 
     </span>
    </p>

    <p class='ocr_par' dir='ltr' id='par_1_32' title="bbox 1021 2367 1607 2427">
     <span class='ocr_line' id='line_1_67' title="bbox 1021 2367 1607 2427; baseline -0.002 -1"><span class='ocrx_word' id='word_1_350' title='bbox 1021 2378 1052 2427; x_wconf 90' lang='lat' dir='ltr'><strong>ut</strong></span> <span class='ocrx_word' id='word_1_351' title='bbox 1065 2370 1255 2427; x_wconf 85' lang='lat' dir='ltr'><strong>inconcussam</strong></span> <span class='ocrx_word' id='word_1_352' title='bbox 1269 2367 1430 2426; x_wconf 80' lang='lat' dir='ltr'><strong>recte-fidei</strong></span> <span class='ocrx_word' id='word_1_353' title='bbox 1444 2367 1607 2425; x_wconf 88' lang='lat' dir='ltr'><strong>columnam.</strong></span> 
     </span>
    </p>

    <p class='ocr_par' dir='ltr' id='par_1_33' title="bbox 1021 2455 1658 2531">
     <span class='ocr_line' id='line_1_68' title="bbox 1021 2455 1658 2531; baseline -0.003 -17"><span class='ocrx_word' id='word_1_354' title='bbox 1021 2457 1049 2515; x_wconf 90' lang='lat' dir='ltr'><strong>Si</strong></span> <span class='ocrx_word' id='word_1_355' title='bbox 1064 2465 1214 2515; x_wconf 88' lang='lat' dir='ltr'><strong>commotus</strong></span> <span class='ocrx_word' id='word_1_356' title='bbox 1228 2464 1270 2514; x_wconf 86' lang='lat' dir='ltr'><strong>est</strong></span> <span class='ocrx_word' id='word_1_357' title='bbox 1283 2455 1393 2531; x_wconf 88' lang='lat' dir='ltr'><strong>paulum</strong></span> <span class='ocrx_word' id='word_1_358' title='bbox 1407 2455 1525 2530; x_wconf 89' lang='lat' dir='ltr'><strong>quadam</strong></span> <span class='ocrx_word' id='word_1_359' title='bbox 1539 2455 1658 2526; x_wconf 83' lang='lat' dir='ltr'><strong>fortune,</strong></span> 
     </span>
    </p>

    <p class='ocr_par' dir='ltr' id='par_1_34' title="bbox 1021 2545 1618 2616">
     <span class='ocr_line' id='line_1_69' title="bbox 1021 2545 1618 2616; baseline -0.007 -12"><span class='ocrx_word' id='word_1_360' title='bbox 1021 2549 1102 2606; x_wconf 89' lang='lat' dir='ltr'><strong>homo</strong></span> <span class='ocrx_word' id='word_1_361' title='bbox 1115 2553 1184 2616; x_wconf 89' lang='lat' dir='ltr'><strong>erat,</strong></span> <span class='ocrx_word' id='word_1_362' title='bbox 1199 2547 1280 2604; x_wconf 89' lang='lat' dir='ltr'><strong>homo</strong></span> <span class='ocrx_word' id='word_1_363' title='bbox 1295 2561 1302 2602; x_wconf 86' lang='grc' dir='ltr'>ι</span> <span class='ocrx_word' id='word_1_364' title='bbox 1318 2561 1352 2602; x_wconf 92' lang='lat' dir='ltr'><strong>ne</strong></span> <span class='ocrx_word' id='word_1_365' title='bbox 1367 2545 1530 2602; x_wconf 88' lang='lat' dir='ltr'><strong>condemnes</strong></span> <span class='ocrx_word' id='word_1_366' title='bbox 1545 2559 1618 2614; x_wconf 80' lang='lat' dir='ltr'><strong>eum,-</strong></span> 
     </span>
    </p>

    <p class='ocr_par' dir='ltr' id='par_1_35' title="bbox 1020 2634 1604 2710">
     <span class='ocr_line' id='line_1_70' title="bbox 1020 2634 1604 2710; baseline -0.002 -17"><span class='ocrx_word' id='word_1_367' title='bbox 1020 2655 1075 2694; x_wconf 95' lang='lat' dir='ltr'><strong>non</strong></span> <span class='ocrx_word' id='word_1_368' title='bbox 1087 2637 1158 2695; x_wconf 85' lang='lat' dir='ltr'><strong>enim</strong></span> <span class='ocrx_word' id='word_1_369' title='bbox 1172 2644 1278 2694; x_wconf 87' lang='lat' dir='ltr'><strong>tantum</strong></span> <span class='ocrx_word' id='word_1_370' title='bbox 1290 2635 1375 2710; x_wconf 87' lang='lat' dir='ltr'><strong>impia</strong></span> <span class='ocrx_word' id='word_1_371' title='bbox 1387 2639 1448 2693; x_wconf 88' lang='lat' dir='ltr'><strong>erat</strong></span> <span class='ocrx_word' id='word_1_372' title='bbox 1460 2634 1604 2692; x_wconf 87' lang='lat' dir='ltr'><strong>commotio</strong></span> 
     </span>
    </p>

    <p class='ocr_par' dir='ltr' id='par_1_36' title="bbox 1020 2719 1634 2797">
     <span class='ocr_line' id='line_1_71' title="bbox 1020 2719 1634 2797; baseline -0.007 -17"><span class='ocrx_word' id='word_1_373' title='bbox 1020 2729 1152 2797; x_wconf 87' lang='lat' dir='ltr'><strong>quantum</strong></span> <span class='ocrx_word' id='word_1_374' title='bbox 1167 2721 1378 2796; x_wconf 86' lang='lat' dir='ltr'><strong>particeps-erat</strong></span> <span class='ocrx_word' id='word_1_375' title='bbox 1391 2719 1568 2778; x_wconf 80' lang='lat' dir='ltr'><strong>contentiosa</strong></span> <span class='ocrx_word' id='word_1_376' title='bbox 1582 2719 1634 2777; x_wconf 84' lang='lat' dir='ltr'><strong>ris.</strong></span> 
     </span>
    </p>

    <p class='ocr_par' dir='ltr' id='par_1_37' title="bbox 1020 2807 1745 2976">
     <span class='ocr_line' id='line_1_72' title="bbox 1020 2807 1745 2884; baseline -0.004 -16"><span class='ocrx_word' id='word_1_377' title='bbox 1020 2811 1093 2881; x_wconf 89' lang='lat' dir='ltr'><strong>Quid</strong></span> <span class='ocrx_word' id='word_1_378' title='bbox 1105 2809 1195 2867; x_wconf 76' lang='lat' dir='ltr'><strong>enim?</strong></span> <span class='ocrx_word' id='word_1_379' title='bbox 1209 2809 1326 2884; x_wconf 79' lang='lat' dir='ltr'><strong>Cyrillus</strong></span> <span class='ocrx_word' id='word_1_380' title='bbox 1339 2808 1441 2883; x_wconf 86' lang='lat' dir='ltr'><strong>ubique</strong></span> <span class='ocrx_word' id='word_1_381' title='bbox 1456 2807 1583 2867; x_wconf 84' lang='lat' dir='ltr'><strong>vinceret·</strong></span> <span class='ocrx_word' id='word_1_382' title='bbox 1591 2810 1745 2884; x_wconf 88' lang='lat' dir='ltr'><strong>oportebat,</strong></span> 
     </span>
     <span class='ocr_line' id='line_1_73' title="bbox 1020 2899 1526 2976; baseline -0.004 -20"><span class='ocrx_word' id='word_1_383' title='bbox 1020 2910 1051 2958; x_wconf 88' lang='lat' dir='ltr'><strong>ut</strong></span> <span class='ocrx_word' id='word_1_384' title='bbox 1062 2899 1108 2976; x_wconf 88' lang='lat' dir='ltr'><strong>qui</strong></span> <span class='ocrx_word' id='word_1_385' title='bbox 1122 2899 1289 2972; x_wconf 74' lang='lat' dir='ltr'><strong>dogmatista</strong></span> <span class='ocrx_word' id='word_1_386' title='bbox 1297 2903 1358 2955; x_wconf 90' lang='lat' dir='ltr'><strong>erat</strong></span> <span class='ocrx_word' id='word_1_387' title='bbox 1371 2904 1400 2954; x_wconf 87' lang='lat' dir='ltr'><strong>ot</strong></span> <span class='ocrx_word' id='word_1_388' title='bbox 1413 2903 1526 2955; x_wconf 84' lang='lat' dir='ltr'><strong>orator:</strong></span> 
     </span>
    </p>

    <p class='ocr_par' dir='ltr' id='par_1_38' title="bbox 1020 2985 1779 3232">
     <span class='ocr_line' id='line_1_74' title="bbox 1020 2985 1779 3061; baseline -0.004 -14"><span class='ocrx_word' id='word_1_389' title='bbox 1020 2995 1138 3047; x_wconf 85' lang='lat' dir='ltr'><strong>attamen</strong></span> <span class='ocrx_word' id='word_1_390' title='bbox 1159 2993 1187 3044; x_wconf 91' lang='lat' dir='ltr'><strong>et</strong></span> <span class='ocrx_word' id='word_1_391' title='bbox 1202 2985 1293 3044; x_wconf 88' lang='lat' dir='ltr'><strong>abillo</strong></span> <span class='ocrx_word' id='word_1_392' title='bbox 1308 2992 1502 3044; x_wconf 88' lang='lat' dir='ltr'><strong>correctusest</strong></span> <span class='ocrx_word' id='word_1_393' title='bbox 1515 3005 1530 3044; x_wconf 88' lang='lat' dir='ltr'><strong>e</strong></span> <span class='ocrx_word' id='word_1_394' title='bbox 1546 2987 1682 3061; x_wconf 83' lang='lat' dir='ltr'><strong>contrario</strong></span> <span class='ocrx_word' id='word_1_395' title='bbox 1699 2989 1779 3044; x_wconf 83' lang='lat' dir='ltr'><strong>Thuc-</strong></span> 
     </span>
     <span class='ocr_line' id='line_1_75' title="bbox 1020 3073 1777 3153; baseline -0.003 -19"><span class='ocrx_word' id='word_1_396' title='bbox 1020 3076 1111 3153; x_wconf 86' lang='lat' dir='ltr'><strong>quoad</strong></span> <span class='ocrx_word' id='word_1_397' title='bbox 1120 3076 1174 3132; x_wconf 87' lang='lat' dir='ltr'><strong>alia</strong></span> <span class='ocrx_word' id='word_1_398' title='bbox 1185 3075 1275 3132; x_wconf 84' lang='lat' dir='ltr'><strong>omnia</strong></span> <span class='ocrx_word' id='word_1_399' title='bbox 1284 3073 1463 3131; x_wconf 87' lang='lat' dir='ltr'><strong>maximorum</strong></span> <span class='ocrx_word' id='word_1_400' title='bbox 1472 3081 1613 3149; x_wconf 83' lang='lat' dir='ltr'><strong>pastorum</strong></span> <span class='ocrx_word' id='word_1_401' title='bbox 1637 3077 1777 3150; x_wconf 77' lang='lat' dir='ltr'><strong>[dor-etue.</strong></span> 
     </span>
     <span class='ocr_line' id='line_1_76' title="bbox 1020 3163 1611 3232; baseline -0.007 -7"><span class='ocrx_word' id='word_1_402' title='bbox 1020 3166 1196 3225; x_wconf 86' lang='lat' dir='ltr'><strong>considerans</strong></span> <span class='ocrx_word' id='word_1_403' title='bbox 1210 3164 1297 3220; x_wconf 89' lang='lat' dir='ltr'><strong>virum</strong></span> <span class='ocrx_word' id='word_1_404' title='bbox 1311 3163 1384 3220; x_wconf 89' lang='lat' dir='ltr'><strong>nullo</strong></span> <span class='ocrx_word' id='word_1_405' title='bbox 1397 3180 1458 3220; x_wconf 86' lang='lat' dir='ltr'><strong>esse</strong></span> <span class='ocrx_word' id='word_1_406' title='bbox 1469 3163 1611 3232; x_wconf 87' lang='lat' dir='ltr'><strong>minorem,</strong></span> 
     </span>
    </p>
   </div>
   <div class='ocr_carea' id='block_1_21' title="bbox 1020 3257 1412 3316">
    <p class='ocr_par' dir='ltr' id='par_1_39' title="bbox 1020 3257 1412 3316">
     <span class='ocr_line' id='line_1_77' title="bbox 1020 3257 1412 3316; baseline -0.018 0"><span class='ocrx_word' id='word_1_407' title='bbox 1020 3261 1066 3316; x_wconf 85' lang='lat' dir='ltr'><strong>hle</strong></span> <span class='ocrx_word' id='word_1_408' title='bbox 1079 3257 1131 3315; x_wconf 94' lang='lat' dir='ltr'><strong>illis</strong></span> <span class='ocrx_word' id='word_1_409' title='bbox 1144 3257 1241 3313; x_wconf 89' lang='lat' dir='ltr'><strong>merito</strong></span> <span class='ocrx_word' id='word_1_410' title='bbox 1254 3270 1412 3312; x_wconf 88' lang='lat' dir='ltr'><strong>annumero.</strong></span> 
     </span>
    </p>
   </div>
   <div class='ocr_carea' id='block_1_22' title="bbox 1268 3403 1526 3462">
    <p class='ocr_par' dir='ltr' id='par_1_40' title="bbox 1268 3403 1526 3462">
     <span class='ocr_line' id='line_1_78' title="bbox 1268 3403 1526 3462; baseline -0.004 -1"><span class='ocrx_word' id='word_1_411' title='bbox 1268 3408 1329 3462; x_wconf 76' lang='lat' dir='ltr'><strong>tlt.</strong></span> <span class='ocrx_word' id='word_1_412' title='bbox 1349 3403 1526 3461; x_wconf 82' lang='lat' dir='ltr'><strong>ANONYMI.</strong></span> 
     </span>
    </p>
   </div>
   <div class='ocr_carea' id='block_1_23' title="bbox 1205 3500 1592 3568">
    <p class='ocr_par' dir='ltr' id='par_1_41' title="bbox 1205 3500 1592 3568">
     <span class='ocr_line' id='line_1_79' title="bbox 1205 3500 1592 3568; baseline -0.01 -12"><span class='ocrx_word' id='word_1_413' title='bbox 1205 3506 1290 3556; x_wconf 84' lang='lat' dir='ltr'><strong>Mater</strong></span> <span class='ocrx_word' id='word_1_414' title='bbox 1302 3502 1351 3554; x_wconf 88' lang='lat' dir='ltr'><strong>Dei</strong></span> <span class='ocrx_word' id='word_1_415' title='bbox 1365 3517 1423 3568; x_wconf 82' lang='lat' dir='ltr'><strong>quac</strong></span> <span class='ocrx_word' id='word_1_416' title='bbox 1435 3500 1532 3552; x_wconf 82' lang='lat' dir='ltr'><strong>invicta</strong></span> <span class='ocrx_word' id='word_1_417' title='bbox 1543 3508 1592 3552; x_wconf 84' lang='lat' dir='ltr'><strong>est.</strong></span> 
     </span>
    </p>
   </div>
   <div class='ocr_carea' id='block_1_24' title="bbox 1019 3636 1733 3983">
    <p class='ocr_par' dir='ltr' id='par_1_42' title="bbox 1019 3636 1733 3983">
     <span class='ocr_line' id='line_1_80' title="bbox 1019 3636 1562 3717; baseline -0.013 -16"><span class='ocrx_word' id='word_1_418' title='bbox 1019 3645 1099 3717; x_wconf 83' lang='lat' dir='ltr'><strong>Aqua</strong></span> <span class='ocrx_word' id='word_1_419' title='bbox 1111 3640 1188 3716; x_wconf 91' lang='lat' dir='ltr'><strong>prius</strong></span> <span class='ocrx_word' id='word_1_420' title='bbox 1202 3658 1237 3696; x_wconf 86' lang='lat' dir='ltr'><strong>ex</strong></span> <span class='ocrx_word' id='word_1_421' title='bbox 1251 3645 1330 3714; x_wconf 86' lang='lat' dir='ltr'><strong>petra</strong></span> <span class='ocrx_word' id='word_1_422' title='bbox 1345 3638 1431 3694; x_wconf 86' lang='lat' dir='ltr'><strong>lloons</strong></span> <span class='ocrx_word' id='word_1_423' title='bbox 1443 3636 1562 3704; x_wconf 85' lang='lat' dir='ltr'><strong>insolite,</strong></span> 
     </span>
     <span class='ocr_line' id='line_1_81' title="bbox 1019 3724 1575 3806; baseline -0.011 -18"><span class='ocrx_word' id='word_1_424' title='bbox 1019 3748 1101 3806; x_wconf 89' lang='lat' dir='ltr'><strong>prece</strong></span> <span class='ocrx_word' id='word_1_425' title='bbox 1114 3729 1249 3805; x_wconf 86' lang='lat' dir='ltr'><strong>producta</strong></span> <span class='ocrx_word' id='word_1_426' title='bbox 1262 3733 1305 3783; x_wconf 85' lang='lat' dir='ltr'><strong>est</strong></span> <span class='ocrx_word' id='word_1_427' title='bbox 1318 3726 1459 3800; x_wconf 73' lang='lat' dir='ltr'><strong>propheta</strong></span> <span class='ocrx_word' id='word_1_428' title='bbox 1473 3724 1575 3794; x_wconf 86' lang='lat' dir='ltr'><strong>Mosis;</strong></span> 
     </span>
     <span class='ocr_line' id='line_1_82' title="bbox 1019 3811 1580 3886; baseline -0.014 -10"><span class='ocrx_word' id='word_1_429' title='bbox 1019 3836 1091 3876; x_wconf 89' lang='lat' dir='ltr'><strong>nunc</strong></span> <span class='ocrx_word' id='word_1_430' title='bbox 1105 3824 1195 3875; x_wconf 83' lang='lat' dir='ltr'><strong>sutem</strong></span> <span class='ocrx_word' id='word_1_431' title='bbox 1209 3817 1267 3872; x_wconf 76' lang='lat' dir='ltr'><strong>hac</strong></span> <span class='ocrx_word' id='word_1_432' title='bbox 1279 3811 1421 3886; x_wconf 73' lang='lat' dir='ltr'><strong>Michaelis</strong></span> <span class='ocrx_word' id='word_1_433' title='bbox 1432 3829 1497 3870; x_wconf 87' lang='lat' dir='ltr'><strong>cura</strong></span> <span class='ocrx_word' id='word_1_434' title='bbox 1510 3811 1580 3882; x_wconf 85' lang='lat' dir='ltr'><strong>lluit,</strong></span> 
     </span>
     <span class='ocr_line' id='line_1_83' title="bbox 1019 3900 1733 3983; baseline -0.008 -19"><span class='ocrx_word' id='word_1_435' title='bbox 1019 3924 1100 3983; x_wconf 89' lang='lat' dir='ltr'><strong>quem</strong></span> <span class='ocrx_word' id='word_1_436' title='bbox 1113 3904 1282 3973; x_wconf 82' lang='lat' dir='ltr'><strong>salvum-loc,</strong></span> <span class='ocrx_word' id='word_1_437' title='bbox 1298 3900 1417 3970; x_wconf 86' lang='lat' dir='ltr'><strong>Christo,</strong></span> <span class='ocrx_word' id='word_1_438' title='bbox 1428 3908 1457 3958; x_wconf 87' lang='lat' dir='ltr'><strong>et</strong></span> <span class='ocrx_word' id='word_1_439' title='bbox 1470 3901 1615 3975; x_wconf 81' lang='lat' dir='ltr'><strong>conjugem</strong></span> <span class='ocrx_word' id='word_1_440' title='bbox 1629 3901 1733 3958; x_wconf 90' lang='lat' dir='ltr'><strong>lrenen.</strong></span> 
     </span>
    </p>
   </div>
   <div class='ocr_carea' id='block_1_25' title="bbox 1218 4047 1581 4208">
    <p class='ocr_par' dir='ltr' id='par_1_43' title="bbox 1218 4047 1581 4208">
     <span class='ocr_line' id='line_1_84' title="bbox 1305 4047 1486 4102; baseline -0.022 -1"><span class='ocrx_word' id='word_1_441' title='bbox 1305 4047 1366 4102; x_wconf 79' lang='grc'><strong>113.</strong></span> <span class='ocrx_word' id='word_1_442' title='bbox 1387 4054 1486 4098; x_wconf 76' lang='lat' dir='ltr'><strong>amun.</strong></span> 
     </span>
     <span class='ocr_line' id='line_1_85' title="bbox 1218 4141 1581 4208; baseline -0.006 -12"><span class='ocrx_word' id='word_1_443' title='bbox 1218 4147 1248 4196; x_wconf 91' lang='lat' dir='ltr'><strong>In</strong></span> <span class='ocrx_word' id='word_1_444' title='bbox 1259 4143 1446 4208; x_wconf 78' lang='lat' dir='ltr'><strong>archangelum</strong></span> <span class='ocrx_word' id='word_1_445' title='bbox 1458 4141 1581 4194; x_wconf 79' lang='lat' dir='ltr'><strong>Michael.</strong></span> 
     </span>
    </p>
   </div>
   <div class='ocr_carea' id='block_1_26' title="bbox 1018 4269 1778 4961">
    <p class='ocr_par' dir='ltr' id='par_1_44' title="bbox 1019 4269 1737 4431">
     <span class='ocr_line' id='line_1_86' title="bbox 1020 4269 1737 4346; baseline -0.01 -14"><span class='ocrx_word' id='word_1_446' title='bbox 1020 4275 1132 4341; x_wconf 91' lang='lat' dir='ltr'><strong>Lumen,</strong></span> <span class='ocrx_word' id='word_1_447' title='bbox 1146 4271 1312 4346; x_wconf 89' lang='lat' dir='ltr'><strong>spiritumet</strong></span> <span class='ocrx_word' id='word_1_448' title='bbox 1326 4269 1417 4344; x_wconf 79' lang='lat' dir='ltr'><strong>ignem</strong></span> <span class='ocrx_word' id='word_1_449' title='bbox 1429 4269 1529 4326; x_wconf 88' lang='lat' dir='ltr'><strong>scimus</strong></span> <span class='ocrx_word' id='word_1_450' title='bbox 1543 4269 1656 4343; x_wconf 79' lang='lat' dir='ltr'><strong>angelos</strong></span> <span class='ocrx_word' id='word_1_451' title='bbox 1671 4285 1737 4336; x_wconf 86' lang='lat' dir='ltr'><strong>esse,</strong></span> 
     </span>
     <span class='ocr_line' id='line_1_87' title="bbox 1019 4357 1669 4431; baseline -0.011 -12"><span class='ocrx_word' id='word_1_452' title='bbox 1019 4361 1091 4420; x_wconf 89' lang='lat' dir='ltr'><strong>omni</strong></span> <span class='ocrx_word' id='word_1_453' title='bbox 1106 4358 1329 4418; x_wconf 81' lang='lat' dir='ltr'><strong>crassa-materia</strong></span> <span class='ocrx_word' id='word_1_454' title='bbox 1340 4365 1367 4414; x_wconf 92' lang='lat' dir='ltr'><strong>et</strong></span> <span class='ocrx_word' id='word_1_455' title='bbox 1385 4357 1484 4413; x_wconf 80' lang='lat' dir='ltr'><strong>ellectu</strong></span> <span class='ocrx_word' id='word_1_456' title='bbox 1499 4357 1669 4431; x_wconf 65' lang='lat' dir='ltr'><strong>superiorem</strong></span> 
     </span>
    </p>

    <p class='ocr_par' dir='ltr' id='par_1_45' title="bbox 1019 4443 1640 4519">
     <span class='ocr_line' id='line_1_88' title="bbox 1019 4443 1640 4519; baseline -0.016 -11"><span class='ocrx_word' id='word_1_457' title='bbox 1019 4450 1069 4508; x_wconf 90' lang='lat' dir='ltr'><strong>sed</strong></span> <span class='ocrx_word' id='word_1_458' title='bbox 1080 4449 1137 4505; x_wconf 87' lang='lat' dir='ltr'><strong>dux</strong></span> <span class='ocrx_word' id='word_1_459' title='bbox 1151 4444 1435 4519; x_wconf 77' lang='lat' dir='ltr'><strong>materimexpertium</strong></span> <span class='ocrx_word' id='word_1_460' title='bbox 1449 4443 1640 4501; x_wconf 86' lang='lat' dir='ltr'><strong>miraculorum</strong></span> 
     </span>
    </p>

    <p class='ocr_par' dir='ltr' id='par_1_46' title="bbox 1020 4531 1557 4610">
     <span class='ocr_line' id='line_1_89' title="bbox 1020 4531 1557 4610; baseline -0.013 -16"><span class='ocrx_word' id='word_1_461' title='bbox 1020 4537 1097 4610; x_wconf 72' lang='lat' dir='ltr'><strong>stetit</strong></span> <span class='ocrx_word' id='word_1_462' title='bbox 1110 4535 1200 4610; x_wconf 90' lang='lat' dir='ltr'><strong>pictus</strong></span> <span class='ocrx_word' id='word_1_463' title='bbox 1211 4533 1398 4590; x_wconf 89' lang='lat' dir='ltr'><strong>materialibus</strong></span> <span class='ocrx_word' id='word_1_464' title='bbox 1411 4531 1557 4589; x_wconf 88' lang='lat' dir='ltr'><strong>coloribus.</strong></span> 
     </span>
    </p>

    <p class='ocr_par' dir='ltr' id='par_1_47' title="bbox 1020 4617 1579 4696">
     <span class='ocr_line' id='line_1_90' title="bbox 1020 4617 1579 4696; baseline -0.013 -15"><span class='ocrx_word' id='word_1_465' title='bbox 1020 4625 1041 4682; x_wconf 93' lang='lat'>0</span> <span class='ocrx_word' id='word_1_466' title='bbox 1056 4624 1135 4694; x_wconf 86' lang='lat' dir='ltr'><strong>fides,</strong></span> <span class='ocrx_word' id='word_1_467' title='bbox 1150 4619 1242 4696; x_wconf 86' lang='lat' dir='ltr'><strong>qualia</strong></span> <span class='ocrx_word' id='word_1_468' title='bbox 1255 4617 1477 4676; x_wconf 87' lang='lat' dir='ltr'><strong>miracula-edere</strong></span> <span class='ocrx_word' id='word_1_469' title='bbox 1490 4617 1579 4675; x_wconf 83' lang='lat' dir='ltr'><strong>ralesl</strong></span> 
     </span>
    </p>

    <p class='ocr_par' dir='ltr' id='par_1_48' title="bbox 1018 4703 1778 4961">
     <span class='ocr_line' id='line_1_91' title="bbox 1019 4703 1778 4786; baseline -0.014 -17"><span class='ocrx_word' id='word_1_470' title='bbox 1019 4729 1101 4786; x_wconf 83' lang='lat' dir='ltr'><strong>quem</strong></span> <span class='ocrx_word' id='word_1_471' title='bbox 1128 4708 1253 4767; x_wconf 81' lang='lat' dir='ltr'><strong>facillime</strong></span> <span class='ocrx_word' id='word_1_472' title='bbox 1276 4707 1392 4776; x_wconf 80' lang='lat' dir='ltr'><strong>formas,</strong></span> <span class='ocrx_word' id='word_1_473' title='bbox 1421 4703 1778 4779; x_wconf 77' lang='lat' dir='ltr'><strong>qua-lormamnon-haber,</strong></span> 
     </span>
     <span class='ocr_line' id='line_1_92' title="bbox 1019 4793 1778 4872; baseline -0.013 -16"><span class='ocrx_word' id='word_1_474' title='bbox 1019 4803 1056 4856; x_wconf 83' lang='lat' dir='ltr'><strong>At</strong></span> <span class='ocrx_word' id='word_1_475' title='bbox 1070 4798 1177 4872; x_wconf 87' lang='lat' dir='ltr'><strong>pictura</strong></span> <span class='ocrx_word' id='word_1_476' title='bbox 1190 4801 1324 4852; x_wconf 85' lang='lat' dir='ltr'><strong>monstrat</strong></span> <span class='ocrx_word' id='word_1_477' title='bbox 1338 4793 1451 4868; x_wconf 87' lang='lat' dir='ltr'><strong>pictum,</strong></span> <span class='ocrx_word' id='word_1_478' title='bbox 1628 4793 1778 4864; x_wconf 86' lang='lat' dir='ltr'><strong>[naturaml</strong></span> 
     </span>
     <span class='ocr_line' id='line_1_93' title="bbox 1018 4877 1778 4961; baseline -0.018 -16"><span class='ocrx_word' id='word_1_479' title='bbox 1018 4905 1073 4945; x_wconf 89' lang='lat' dir='ltr'><strong>non</strong></span> <span class='ocrx_word' id='word_1_480' title='bbox 1083 4885 1170 4961; x_wconf 90' lang='lat' dir='ltr'><strong>qualis</strong></span> <span class='ocrx_word' id='word_1_481' title='bbox 1179 4889 1345 4950; x_wconf 86' lang='lat' dir='ltr'><strong>natura-est,</strong></span> <span class='ocrx_word' id='word_1_482' title='bbox 1354 4881 1403 4938; x_wconf 90' lang='lat' dir='ltr'><strong>sed</strong></span> <span class='ocrx_word' id='word_1_483' title='bbox 1413 4880 1598 4954; x_wconf 77' lang='lat' dir='ltr'><strong>qualemsape</strong></span> <span class='ocrx_word' id='word_1_484' title='bbox 1608 4877 1778 4934; x_wconf 86' lang='lat' dir='ltr'><strong>monstravit.</strong></span> 
     </span>
    </p>
   </div>
   <div class='ocr_carea' id='block_1_27' title="bbox 1303 5025 1498 5186">
    <p class='ocr_par' dir='ltr' id='par_1_49' title="bbox 1303 5025 1498 5186">
     <span class='ocr_line' id='line_1_94' title="bbox 1304 5025 1489 5080; baseline 0 0"><span class='ocrx_word' id='word_1_485' title='bbox 1304 5025 1366 5080; x_wconf 84' lang='grc'><strong>111.</strong></span> <span class='ocrx_word' id='word_1_486' title='bbox 1386 5032 1489 5080; x_wconf 77' lang='lat' dir='ltr'><strong>amun.</strong></span> 
     </span>
     <span class='ocr_line' id='line_1_95' title="bbox 1303 5122 1498 5186; baseline -0.01 -14"><span class='ocrx_word' id='word_1_487' title='bbox 1303 5123 1341 5186; x_wconf 86' lang='lat' dir='ltr'><strong>[ln</strong></span> <span class='ocrx_word' id='word_1_488' title='bbox 1360 5122 1498 5184; x_wconf 79' lang='lat' dir='ltr'><strong>eumdem]</strong></span> 
     </span>
    </p>
   </div>
   <div class='ocr_carea' id='block_1_28' title="bbox 1019 5241 1778 5325">
    <p class='ocr_par' dir='ltr' id='par_1_50' title="bbox 1019 5241 1778 5325">
     <span class='ocr_line' id='line_1_96' title="bbox 1019 5241 1778 5325; baseline -0.017 -14"><span class='ocrx_word' id='word_1_489' title='bbox 1019 5249 1260 5325; x_wconf 87' lang='lat' dir='ltr'><strong>Lumen,spiritus,</strong></span> <span class='ocrx_word' id='word_1_490' title='bbox 1268 5265 1355 5317; x_wconf 87' lang='lat' dir='ltr'><strong>mens,</strong></span> <span class='ocrx_word' id='word_1_491' title='bbox 1365 5248 1438 5322; x_wconf 80' lang='lat' dir='ltr'><strong>ignis</strong></span> <span class='ocrx_word' id='word_1_492' title='bbox 1450 5255 1477 5303; x_wconf 86' lang='lat' dir='ltr'><strong>et</strong></span> <span class='ocrx_word' id='word_1_493' title='bbox 1487 5247 1627 5302; x_wconf 90' lang='lat' dir='ltr'><strong>llammeus</strong></span> <span class='ocrx_word' id='word_1_494' title='bbox 1637 5241 1687 5299; x_wconf 86' lang='lat' dir='ltr'><strong>tibi</strong></span> <span class='ocrx_word' id='word_1_495' title='bbox 1695 5241 1778 5298; x_wconf 85' lang='lat' dir='ltr'><strong>ensis.</strong></span> 
     </span>
    </p>
   </div>
   <div class='ocr_carea' id='block_1_29' title="bbox 0 0 2072 6036">
    <p class='ocr_par' dir='ltr' id='par_1_51' title="bbox 0 0 2072 6036">
     <span class='ocr_line' id='line_1_97' title="bbox 0 0 2072 6036; baseline 0 0"><span class='ocrx_word' id='word_1_496' title='bbox 0 0 2072 6036; x_wconf 95' lang='lat' dir='ltr'><strong> </strong></span> 
     </span>
    </p>
   </div>
  </div>
 </body>
</html>
