4102 6026
282 447 338 504 ⁴218
738 432 995 496 ANTIIOLOGIAE
1015 429 1166 490 GRAECAE
1187 429 1413 490 APPENDICIS

285 580 419 640 ίκπτωτος
433 577 508 631 ἔσται
520 577 570 644 τῆς
583 557 650 628 itti
663 569 841 648 κληρουχίας,

284 668 331 720 καί
343 666 391 727 τὰς
405 665 473 740 ἀρὰς
485 657 592 727 δίζαιτο
606 661 654 722 τὰς
666 661 718 713 τῶν
733 661 855 733 πατέρων

284 755 331 808 καί
343 755 403 831 χείρ
419 751 482 806 θεοῦ
497 753 623 824 ποίνιμος
635 747 718 802 αύτδν
732 744 894 822 προφθάαοι.

584 887 652 944 lib.
674 893 770 943 anat).

284 1015 335 1068 Τόν
350 1013 415 1067 ναῦν
432 1011 503 1074 όστις
515 1014 611 1066 τοῦτον
626 1012 724 1073 ιίσίεις,
742 1003 810 1077 Είνε,

284 1099 364 1180 δεῦρο
379 1097 523 1178 πρόσελθε,
536 1095 613 1153 τόνδι
628 1100 673 1152 τόν
685 1101 771 1174 τάφον
786 1099 893 1150 σκόπει’

285 1187 363 1266 ἀνδρί
372 1189 426 1266 γὰρ
441 1184 518 1242 ἔνδον
532 1188 564 1242 οῦ
577 1185 658 1250 κλίος
674 1189 745 1262 μίγα
760 1187 849 1260 piper,

285 1279 314 1332 ἐκ
331 1279 378 1353 μὲν
392 1280 488 1353 γίνους
499 1277 552 1352 γὰρ
568 1271 647 1330 οὗτοι
661 1271 789 1335 εὐκλεοῦς
802 1272 851 1348 ipo

258 1378 272 1423 5
283 1369 332 1436 τῆς
344 1367 490 1442 πατρικίων
505 1363 622 1440 εὐφυοῦς
635 1359 712 1440 ῥίζης
725 1357 828 1424 κλάδος

283 1452 470 1529 συγκλητικῶν
484 1472 512 1506 τε
526 1454 649 1528 πατίρων
664 1453 711 1505 καὶ
724 1448 876 1504 πλουσίων·

283 1544 312 1596 ίκ
327 1539 351 1596 δ’
366 1538 402 1596 αὖ
414 1540 508 1618 ψυχῆς
520 1543 639 1616 πίφυκεν
654 1540 852 1614 ιύγενιστίρας,

282 1633 380 1693 πάσαις
393 1631 501 1706 χάρισιν
513 1629 614 1705 ἀρετῶν
627 1627 808 1702 κικασμίνης.

282 1703 421 1773 Ιδκάλλυνε
437 1713 467 1770 δί
478 1717 529 1786 τὴν
543 1719 619 1791 φύσιν
632 1715 788 1791 προαιρέσει

242 1819 268 1864 10
279 1809 326 1860 καί
339 1809 503 1880 κατικόσμιι
516 1803 703 1880 λαμπρότητα
714 1804 762 1857 τοῦ
776 1801 872 1876 γόνους

279 1899 330 1949 τῶν
345 1896 445 1970 ἀρετῶν
457 1896 552 1970 χάρισι
562 1895 799 1968 παντοιοτρόποις.

278 1966 346 2038 Ᾱλλ’
361 1979 424 2036 οὐδὲ
437 1979 557 2044 πλοῦτος
570 1976 636 2035 οὐδὲ
648 1977 814 2056 λαμπρότης
826 1979 931 2050 νίνους,

279 2071 328 2126 οὐκ
343 2071 445 2148 ἀρετῶν
459 2071 579 2146 χάριτας,
596 2069 628 2122 ού
643 2063 713 2131 δόξα
728 2065 801 2142 βίου,

276 2159 391 2234 ἴσχυσαν
407 2159 480 2232 αύτῷ
493 2159 543 2211 τοῦ
557 2153 653 2218 πίλους
664 2152 837 2231 πιφθακότος

239 2257 266 2302 ts
277 2244 392 2301 θάνατον
408 2241 567 2321 ἀμύνασθαι
580 2243 626 2298 τόν
644 2241 834 2318 βροτοκτόνον,

276 2333 351 2390 ἀλλὰ
367 2331 462 2410 φθάντι
474 2335 522 2387 καί
533 2335 630 2387 τοῦτον
645 2331 716 2408 αἴριι
728 2333 777 2385 τοῦ
796 2333 879 2407 μίαου

275 2425 321 2476 καὶ
335 2426 371 2497 τῷ
386 2425 500 2498 παρόντι
514 2417 718 2475 κατακαλύπτει
730 2421 767 2494 τῷ
781 2421 858 2494 τοίφιρ

275 2508 366 2586 φλόγα
383 2507 476 2584 βαλὼν
492 2503 621 2564 ἄσύιστον
636 2508 663 2562 ίν
677 2512 713 2582 τῇ
726 2504 836 2584 καρδίᾳ,

273 2601 320 2652 καί
336 2597 483 2674 σπλάγχνα
497 2591 582 2665 τήξας
595 2599 646 2664 τῆς
657 2592 790 2664 ταλαίνης
805 2591 923 2670 συζύγου

117 2719 122 2732 ·
231 2693 261 2740 20
274 2689 398 2762 στίρησιν
412 2681 510 2762 ἀνδρὸς
524 2681 630 2760 ἀγαθοῦ
642 2681 820 2759 λυπουμίνης

273 2776 320 2828 καί
331 2775 382 2844 τήν
400 2777 528 2849 μόνωσιν,
546 2773 613 2848 πρδς
625 2769 654 2826 δὲ
669 2771 719 2841 τὴν
734 2773 869 2828 ἀτεκνίαν.

275 2863 399 2926 Γείτωνες
413 2862 496 2916 αὐτόν
510 2858 661 2938 δακρύουσι
674 2862 722 2914 καί
735 2857 821 2936 φίλοι,

274 2947 388 3020 ζητοῦσι
401 2951 447 3006 τύν
462 2953 572 3028 τροφῆα
585 2951 693 3024 πτωχοί
706 2950 754 3004 καί
767 2943 850 3013 ξίνοι.

271 3021 338 3094 Ᾰλλ’
354 3035 418 3094 cett
432 3039 467 3093 τὰ
480 3035 587 3114 δάκρυα
598 3038 633 3090 τὰ
646 3039 696 3106 τῆς
709 3032 838 3112 συζύγου,

233 3131 261 3179 St
272 3127 304 3181 ού
318 3129 382 3190 τοὺς
396 3123 535 3203 ὀδυρμοὺς
546 3129 599 3179 τῶν
614 3123 700 3200 φίλων
713 3126 827 3180 καὶτῶν
843 3119 925 3188 Είνων

273 3213 387 3278 θάνατος
400 3217 577 3291 οίκτιίρησεν.
594 3212 670 3269 ἀλλὰ
682 3210 811 3291 παρῖδιν·

272 3305 330 3380 ἔχει
342 3306 395 3380 γὰρ
411 3301 570 3378 ἀμείλικτον
586 3303 668 3365 ύντως
679 3298 804 3379 καρδίαν.

272 3393 310 3446 Σύ
325 3389 349 3446 δ’
366 3391 437 3456 ὅστις
450 3387 475 3446 τί
491 3393 538 3446 καί
551 3387 629 3445 τόνδε
644 3391 690 3444 τὸν
702 3393 789 3466 τάφον
806 3387 925 3465 βλέπεις,

270 3481 301 3534 τύ
315 3481 364 3534 τοῦ
380 3477 442 3554 βίου
459 3481 574 3555 μάταιον
590 3475 655 3533 ἔνθα
669 3476 823 3553 μανθάνων,

231 3572 318 3638 ¹:tttror'r
333 3566 476 3632 τεθνεῶτος
490 3567 643 3644 ὑπιριύχου
660 3571 829 3645 προφρόνως,

271 3657 343 3720 δ’πως
356 3655 433 3711 λύσιν
449 3655 554 3734 εύροιτο
566 3659 618 3709 τῶν
634 3657 818 3731 ἐπταισμίνων

270 3745 317 3798 καὶ
331 3747 448 3806 στάσιως
461 3747 573 3819 τύχοιτο
586 3746 636 3812 τῆς
650 3737 786 3820 δεξιτίρας

271 3833 298 3886 ἐν
310 3837 345 3907 τῇ
362 3829 456 3908 δικαίφι
468 3835 516 3886 τοῦ
528 3828 591 3886 θεοῦ
608 3835 707 3908 φρικτῇ
721 3833 816 3907 κρίσει,

270 3917 357 3974 θανὼν
374 3920 432 3983 ίτος
444 3923 589 3997 τρίχοντος
600 3918 685 3988 ἡλίου
698 3922 759 3974 πότι

217 4013 260 4064 ’35
268 4011 317 4062 τοῦ
331 4013 507 4085 γυροκόσμου
521 4007 662 4085 χιλιοστὸν
675 4002 764 4071 ίζοίκις

269 4098 316 4150 σὺν
330 4098 387 4158 τοῖς
401 4097 496 4150 ίκατδν
512 4093 670 4158 ἀκολούθως
683 4096 791 4159 ἑπτάκις

268 4187 377 4260 χρόνοις
389 4183 472 4239 πάλιν
489 4180 518 4248 ii
530 4180 621 4240 τοῖσδε
635 4182 877 4261 προστιθειμίνοις.

269 4258 386 4327 Εννατον
399 4269 479 4350 ἦμαρ
492 4269 529 4342 ἦν
544 4257 731 4350 ίαννουαρίου,

267 4358 416 4430 ίνδικτοςή
431 4363 525 4439 πρώτη
542 4358 572 4416 tt
585 4365 779 4437 συνισταμένη,

232 4449 258 4498 ll
269 4449 312 4504 ὅτι
328 4448 422 4525 ΙΙρυχὴν
438 4446 540 4504 δίδωκι
554 4449 647 4526 χερσὶν
660 4447 795 4524 ἀγγέλων.

513 4591 580 4648 itt.
605 4588 784 4648 ΓΕΩΡΓΙΟΥ.

269 4715 308 4770 Oti
324 4709 484 4789 δοξομανῶν
500 4716 623 4790 ἀφρόνως
636 4714 788 4789 ἑπηρμίνσν

268 4803 370 4874 ἔστησα
383 4805 473 4865 κακῶς
485 4798 674 4857 λιθοσύνθιτον
687 4803 784 4877 τάφον.

267 4893 312 4954 Τίς
325 4892 378 4968 γὰρ
389 4887 474 4967 λόγος
487 4887 630 4958 σκώληκος
643 4887 846 4960 ιύτιλεσταίτου,

268 4979 317 5034 κᾶν
333 4980 360 5034 ίν
374 4981 448 5054 τόπερ
463 4981 608 5054 κρύπτοιτο
619 4979 814 5052 κοσμιωτύτῳς

244 5055 346 5123 ὓλλλὰ
361 5062 496 5138 συντιδύς,
513 5067 549 5128 ὡς
562 5063 677 5140 ὑπόψιον
687 5061 761 5119 λίθοι

267 5159 382 5233 γνώμην
397 5156 467 5231 ίμὴν
481 5152 638 5230 κάμψουσιν
652 5153 690 5216 είς
701 5150 807 5229 κλήρου
825 5155 937 5230 μνήμην

268 5247 315 5299 καί
326 5241 450 5319 δακρύων
463 5240 552 5319 ῥόθιον
569 5239 713 5296 ίλκύσουσί
729 5259 786 5312 μοι,

1106 585 1203 624 σπαρτα
1217 569 1269 624 erit
1283 569 1358 624 Edon
1373 566 1544 636 hereditatis,

1105 665 1133 713 et
1147 658 1358 731 imprecationes
1373 656 1492 730 accipiat
1504 663 1612 730 patrum

1104 754 1132 802 et
1146 762 1242 802 manus
1254 745 1299 802 dei
1313 745 1397 802 ultrix
1411 763 1473 802 sum
1487 752 1661 818 assequatur.

1398 888 1460 942 746.
1481 883 1583 938 annuo.¹

1104 1008 1245 1080 Templum
1258 1007 1384 1082 quisquis
1398 1008 1482 1064 bocoe
1495 1007 1658 1081 ingrederis,
1673 1007 1785 1080 hospes,

1105 1095 1159 1151 huc
1173 1095 1283 1162 accede,
1300 1097 1352 1152 hoc
1367 1095 1521 1168 sepulcrum
1535 1093 1629 1170 aspice
1645 1113 1651 1150 :

1104 1187 1163 1240 viro
1177 1200 1274 1257 nempe
1287 1183 1361 1240 intus
1375 1201 1430 1239 non
1445 1183 1560 1256 gloriam
1576 1199 1702 1255 magnam
1719 1184 1815 1250 allert3

1105 1289 1120 1328 e
1135 1289 1237 1345 genere
1253 1270 1324 1328 enim
1338 1273 1391 1330 iste
1406 1271 1527 1344 glorioso
1539 1281 1620 1328 natus
1634 1279 1675 1327 est

1105 1359 1278 1429 patriciorum
1293 1360 1445 1418 ίισοο-υαια
1460 1360 1560 1416 radicis
1574 1376 1666 1416 ramus

1104 1449 1374 1523 conscriptorumqus
1387 1457 1496 1524 patrum
1511 1456 1540 1506 et
1553 1447 1667 1506 divitum
1685 1466 1691 1504 :

1103 1553 1200 1593 rursus
1212 1545 1303 1594 autem
1318 1537 1455 1594 exanimo
1469 1543 1551 1594 natus
1565 1544 1609 1594 est
1619 1539 1805 1610 generosiore.

1103 1623 1229 1680 omnibus
1241 1625 1373 1681 virtutum
1387 1624 1485 1698 gratiis
1497 1633 1602 1682 ornato.

1103 1712 1279 1786 ornabatque
1293 1721 1418 1770 naturam
1432 1713 1523 1770 studio

1102 1808 1131 1858 et
1144 1801 1293 1858 decorabat
1305 1801 1456 1860 claritatem
1470 1803 1581 1875 generis

1101 1891 1232 1948 virtutum
1246 1892 1344 1964 gratiis
1358 1893 1530 1950 omnimodis.

1101 1979 1201 2035 Verum
1213 1997 1302 2053 neque
1314 1979 1415 2037 divitis
1426 1997 1515 2054 neque
1529 1979 1640 2038 claritas
1655 1983 1777 2054 generis,

1100 2083 1154 2123 non
1169 2067 1299 2124 virtutum
1313 2067 1420 2142 gratie,
1433 2085 1488 2125 non
1501 2067 1590 2141 glorie
1602 2067 1673 2136 vitm,

1099 2155 1242 2212 valuerunt
1255 2156 1291 2211 ab
1303 2173 1345 2225 eo,
1360 2155 1415 2212 fine
1430 2156 1622 2229 preveniente,

1099 2251 1214 2300 mortem
1228 2243 1375 2300 defendere
1389 2243 1562 2308 homicidam.

1100 2330 1149 2388 sed
1162 2333 1326 2406 aggreditur
1337 2339 1366 2388 et
1378 2333 1452 2388 huno
1465 2331 1536 2388 tollit
1549 2331 1583 2388 de
1597 2331 1686 2388 medio

1098 2425 1127 2475 et
1138 2419 1265 2493 prasenti
1280 2419 1399 2476 occultat
1412 2419 1549 2492 sepulcro,

1098 2505 1207 2563 flamme
1218 2506 1540 2581 qua-exstingui-nequtr
1552 2507 1654 2580 injecta
1667 2508 1694 2562 in
1707 2505 1799 2575 corde,

1097 2603 1125 2652 et
1136 2603 1247 2669 pectore
1260 2596 1418 2652 tabescente
1430 2594 1536 2652 misene
1550 2595 1676 2668 conjugis

1096 2700 1127 2739 se
1140 2683 1275 2758 privatam
1287 2684 1347 2740 riro
1360 2683 1433 2740 bono
1448 2683 1565 2741 dolentis

1095 2780 1125 2829 et
1139 2772 1166 2828 in
1185 2771 1341 2840 solitudine,
1356 2771 1523 2846 insuperque
1536 2771 1565 2826 in
1583 2773 1844 2846 puerorumorbitat

1094 2859 1183 2916 Vicini
1197 2877 1259 2917 eum
1273 2861 1374 2916 deflent
1388 2866 1416 2916 et
1430 2858 1519 2927 amici,
1711 2862 1846 2933 [relictam

1094 2947 1237 3020 requirunt
1249 2947 1411 3004 nutritorem
1426 2964 1562 3022 pauperes
1576 2955 1605 3003 et
1618 2948 1768 3021 peregrini.

1092 3035 1148 3092 Sed
1162 3053 1250 3110 neque
1264 3037 1390 3093 lacrimas
1404 3037 1540 3110 conjugis,

1092 3141 1180 3198 neque
1195 3123 1314 3182 lamenta
1326 3124 1474 3182 amicorum
1488 3133 1517 3182 et
1528 3127 1736 3200 peregrinorum

1092 3231 1166 3270 mors
1179 3213 1292 3271 miserta
1304 3223 1357 3280 est,
1374 3214 1422 3270 sed
1437 3215 1560 3289 neglexit
1576 3232 1583 3270 :

1093 3301 1195 3359 immite
1210 3301 1281 3358 enim
1296 3302 1387 3376 reipsa
1401 3319 1449 3358 cor
1461 3303 1555 3358 hebet.

1091 3393 1131 3448 'l’u
1145 3397 1237 3448 autem
1250 3389 1375 3465 quisquis
1385 3408 1414 3446 es
1426 3397 1455 3447 ct
1468 3391 1552 3446 hocce
1567 3390 1721 3464 sepulcrum
1736 3391 1847 3464 aspicis,

1090 3480 1153 3536 vitre
1168 3479 1316 3536 vanitatem
1329 3480 1375 3535 hlc
1389 3479 1511 3548 edoctus,

1091 3585 1141 3642 pro
1156 3576 1264 3624 mortuo
1277 3585 1390 3641 precare
1405 3566 1547 3636 benevole,

1090 3663 1121 3714 ut
1134 3657 1295 3714 solutionem
1309 3655 1429 3712 inveniat
1442 3655 1610 3724 delictorum,

1041 3735 1044 3741 ¹
1089 3752 1118 3802 et
1131 3746 1224 3801 sedem
1238 3744 1406 3818 adipiscatur
1419 3743 1559 3814 dexteram

1089 3836 1117 3892 in
1130 3837 1206 3910 justo
1219 3835 1415 3909 tremendoque
1429 3835 1479 3892 Dei
1490 3834 1603 3908 judicio,

1089 3931 1213 3982 mortuus
1227 3941 1327 3982 unum
1342 3923 1511 3999 percurrenti
1526 3923 1582 3980 sole
1596 3931 1651 3980 turn

1088 4012 1398 4086 qui-circuiemunoum,
1412 4012 1582 4069 millesimum
1596 4012 1686 4068 sexies

1088 4118 1150 4157 oum
1163 4107 1271 4156 centum
1285 4107 1484 4176 consequenter
1497 4100 1601 4175 septies

1088 4187 1258 4261 temporibus
1269 4193 1370 4245 annuis
1385 4205 1435 4244 sex
1450 4187 1526 4244 bisce
1541 4187 1650 4246 additus.

1088 4278 1182 4334 Nonus
1193 4277 1252 4334 dies
1264 4285 1324 4334 erat
1337 4277 1470 4346 ianuarii,

1087 4367 1252 4440 indictioque
1266 4367 1354 4440 prima
1365 4365 1594 4435 constituebatur,

1087 4473 1148 4510 oum
1161 4455 1279 4510 animam
1293 4453 1406 4511 tradidit
1419 4454 1544 4510 manibus
1559 4454 1728 4527 angelorum.

1347 4596 1408 4650 747.
1430 4593 1586 4652 GEORGll.

1085 4721 1147 4776 Non
1162 4716 1403 4792 gloria-insaniens
1417 4717 1557 4772 dementer
1570 4715 1670 4772 elatum

1085 4807 1169 4864 statui
1182 4805 1252 4862 male
1263 4801 1596 4878 lapidibus-compositum
1610 4803 1774 4878 sepulcrum.

1085 4893 1152 4963 Quis
1166 4893 1238 4950 enim
1252 4907 1342 4948 sermo
1356 4895 1395 4946 eat
1409 4889 1444 4946 de
1457 4905 1549 4946 verme
1563 4887 1704 4954 vilissimo,

1084 4981 1136 5040 etsi
1150 4981 1178 5038 in
1191 4982 1252 5038 loco
1266 4979 1400 5036 condatur
1412 4975 1605 5034 aracussinot

1084 5070 1140 5127 Sad
1154 5068 1279 5126 conscius
1289 5071 1350 5137 tore
1364 5072 1394 5122 ut
1405 5063 1526 5139 suspecti
1544 5063 1649 5138 lapides

1085 5157 1209 5214 notitiam
1221 5156 1273 5211 mei
1286 5155 1429 5210 flecterent
1441 5153 1469 5207 in
1481 5151 1546 5208 cleri
1558 5149 1712 5206 memoriam

1086 5253 1114 5302 et
1124 5242 1295 5300 lacrimarum
1306 5239 1405 5296 [lumen
1418 5239 1587 5296 attraherent
1600 5237 1677 5309 mibi,
