4034 6018
705 401 831 461 CAPUT
852 400 900 460 vl.
925 397 1113 460 ORACULA.
1640 403 1693 460 sel

116 536 251 614 σλογμός
264 537 414 612 ἀπειρίσιος
427 539 594 611 κινούμενος,
612 533 728 598 ἄπλετος
741 536 818 593 αἰών.

116 597 189 682 dost
201 620 226 678 δ’
240 625 279 678 ἑνὶ
296 626 459 698 μακάρεσσιν
474 623 629 698 ἀμήχανος,
643 624 666 676 εἰ
683 623 721 697 μὴ
739 622 833 676 ἰαυτόν

119 709 230 788 βουλάς
245 709 412 786 βουλεύοῃσι
423 711 513 787 πατὴρ
531 713 624 786 μέγας,
641 711 676 773 ὡς
689 706 838 764 ἐσιδέσθαι·

87 816 104 862 5
117 799 188 856 ἔνθα
199 818 245 854 κεν
256 796 313 853 οὔτ’
327 795 409 874 αἰθὴρ
422 800 496 875 φόρει
509 799 621 874 ἀστέρας
636 796 842 874 ἀγλαοφεγγεῖς,

118 974 186 1030 οὔτε
201 973 333 1044 σεληναίη
347 973 534 1050 λιγοφιγγὲτις
546 976 692 1051 αἰωρεῖται.

118 1061 162 1118 Οὐ
179 1061 239 1126 θεός
253 1065 356 1117 ἀντιάει
368 1061 427 1118 κατ’
443 1063 600 1140 ἀταρπιτόν,
618 1059 676 1116 οὐδ’
694 1061 746 1137 ἐγὼ
761 1060 841 1123 αὐτός

118 1153 225 1205 ἀκτῖσιν
240 1152 339 1205 συνιὼν
351 1147 536 1224 ῖπικίδναμαι,
553 1147 730 1226 αἰθεροδινής,

119 1237 199 1293 ἀλλὰ
212 1237 290 1293 πόλει
301 1241 415 1314 πυρσοῖο
432 1236 494 1293 θεοῦ
511 1240 692 1315 περιμήκετος
704 1236 807 1308 αὐλών,

76 1333 106 1380 lt)
118 1326 210 1403 ἕρπων
226 1322 359 1401 εἰλίγδην,
376 1321 559 1402 ροιζούμενος.
577 1323 616 1380 Οὐ
636 1326 682 1398 μὲν
699 1325 800 1379 ἐκείνου

118 1501 265 1579 ἁψάμενος
278 1503 361 1580 πυρός
375 1500 493 1579 αἰθερίου
509 1499 609 1558 δαίσειί
623 1522 662 1565 τις
673 1499 759 1579 ἦτορ·

118 1591 152 1645 ού
162 1591 216 1667 γάρ
229 1590 286 1667 ίχιι
300 1587 398 1644 δαίειν·
414 1586 514 1666 ἀζηχιῖ
527 1588 552 1645 δ’
567 1591 594 1645 ἰν
611 1587 776 1666 μελεδηθμῷ

119 1678 189 1731 αἰὼν
204 1680 296 1732 αἰῶσιν
311 1679 482 1753 ἐπιμίγνυται
496 1679 526 1732 ἐκ
540 1675 602 1732 θεοῦ
617 1679 712 1734 αὐτοῦ.

119 1766 274 1840 εἰθτοφυής,
295 1763 448 1829 ἀδίδακτος,
466 1767 593 1842 ἀμήτωρ,
608 1762 815 1840 ἀοευφίλικτος,

76 1874 107 1920 45
120 1852 234 1928 οὔνομα,
247 1850 318 1929 μηδὲ
332 1853 407 1930 λόγῳ
420 1856 606 1931 χωρούμενος,
626 1854 653 1907 ἰν
668 1855 733 1929 πυρί
746 1855 840 1920 ναίων,

119 2033 201 2084 τοῦτο
217 2027 286 2093 θεός·
305 2029 388 2106 μικρὴ
407 2027 436 2084 δί
454 2031 527 2106 μερίς
544 2027 606 2084 θεοῦ
622 2027 736 2104 ἀγγελοι
748 2029 840 2103 ἡμεῖς.

215 2180 281 2236 141.
303 2177 515 2235 ΑΠΟΛΛΩΝΟΣ
537 2177 788 2234 ΣΑΡΠΗΔΟΝΙΟΥ.

414 2291 591 2357 Παλμυρηνοῖς.

120 2397 197 2477 idisti
213 2433 263 2489 μευ
281 2414 415 2489 μεγάρων,
433 2414 618 2486 ἀπατήμονες,
637 2407 727 2466 οὔλιοι
742 2407 845 2488 ἀνδρες,

120 2499 223 2578 φύτλης
235 2498 374 2555 ἀθανάτων
389 2497 524 2576 ἐρικυδίος
538 2497 713 2576 ἀλγοντῆρες.

370 2651 436 2708 lte.
458 2658 632 2708 ΤοΥΑῐΤοΥ.

225 2764 421 2826 Πυνθανομίνοις
438 2762 486 2812 τισί
502 2763 557 2826 περί
571 2765 614 2822 τῆς
626 2759 775 2828 Λύρηλιανοῦ

307 2840 370 2888 κατὰ
385 2839 562 2902 Παλμυρηνοὺς
575 2839 714 2904 στρατείας.

120 2961 216 3036 Ιίίρκος
228 2961 360 3034 τρήρωσιν
374 2959 444 3034 ἰερόν
459 2962 525 3033 γόον
538 2954 688 3032 ἠγηλάζων

118 3044 174 3110 οἶος
185 3044 335 3122 πολλῇσιν·
349 3048 394 3100 ταὶ
408 3043 437 3099 δὲ
452 3047 592 3122 φρίσσουσι
605 3049 706 3121 φονῆα.

167 3196 234 3254 lta.
257 3193 469 3251 snonntlltoz
489 3193 556 3250 ΤΟΥ
575 3193 830 3254 ΧΑΛΚΗΔΟΝΙΟΥ.

119 3321 184 3390 ἀλλ’
200 3337 301 3390 όπόταν
315 3339 420 3412 νύμφαι
434 3332 550 3412 δροσερῄ
562 3336 633 3389 κατά
647 3336 712 3388 doru
726 3337 823 3412 χορείῃ

119 3427 280 3500 τερπόμεναι
294 3422 460 3500 στρίψωνται
473 3423 616 3497 ἐϋστεφίας
629 3422 687 3476 κατ’
704 3424 810 3498 ἀγυιάς,

119 3515 162 3566 κεί
173 3515 261 3587 τεῖχος
273 3509 400 3587 λουτροῖο
414 3508 580 3566 πολύπονον
596 3511 701 3565 ἔσσεται
713 3510 812 3588 ἄλκαρ,

120 3688 152 3760 δὴ
167 3693 225 3744 τότε
243 3693 326 3765 μυρία
338 3687 412 3764 φύλα
425 3687 616 3765 πολυσπερέων
630 3685 776 3766 ἀνθρώπων

96 3763 207 3856 5Ϊοτρου
222 3776 380 3854 καλλιρόοιο
393 3780 476 3854 πόρον
491 3779 626 3854 περάοντα
641 3778 688 3830 σὺν
702 3778 805 3853 αἰχμῇ,

119 3869 162 3920 καὶ
175 3865 309 3935 Σκυθικὴν
324 3865 413 3921 όλίσει
426 3869 520 3943 χώρην
535 3866 582 3920 καί
595 3861 702 3920 Μυσίδα
712 3869 804 3940 γαῖαν.

120 3955 244 4024 Παιονίης
258 3952 282 4008 δ’
299 3953 431 4029 ἐπιβάντα
445 3956 492 4008 σὺν
508 3951 598 4008 ἰλπίσι
614 3956 809 4031 μαινομένῃσιν

120 4043 198 4096 αὐτοῦ
213 4043 260 4096 καὶ
276 4039 378 4116 βιότοιο
392 4039 470 4104 τέλος
482 4043 529 4095 καὶ
543 4038 619 4117 δῆρις
633 4036 730 4118 ἀφίξει·

296 4335 351 4382 lll.
370 4347 504 4382 arouusrs
522 4345 687 4380 ssaesnonu.

411 4442 579 4506 Palmyrenis.

122 4573 233 4622 Fallaces
248 4569 381 4635 prauique,
394 4569 470 4618 domo
484 4567 608 4618 discedite
621 4575 721 4627 nostra,

120 4656 159 4721 qui
174 4654 249 4704 nimis
264 4669 344 4719 usque
360 4667 452 4718 graves
464 4651 504 4702 dis
517 4650 706 4701 immortalibus
718 4649 791 4700 estis.

662 4749 722 4784 sno.
739 4748 869 4784 eocrrrss.

394 4872 451 4921 tte.
469 4885 591 4921 mosnsu.

197 4981 418 5047 intermeantibus
436 4981 588 5046 quibusdam
606 4979 636 5028 dc
655 4978 789 5028 Αυιεὶιόαἰ

265 5070 354 5116 contra
371 5063 536 5129 Palmyrenos
553 5062 723 5126 expeditione.

122 5195 193 5244 Falco
208 5192 283 5257 praeit
295 5207 370 5244 sacro
385 5192 455 5242 luctu
468 5190 644 5255 compluribus
657 5203 733 5248 unus,

938 537 1045 590 ilamma
1059 534 1164 590 inlinila
1177 552 1237 590 sese
1251 553 1371 601 movens,
1387 535 1545 592 immensum
1565 555 1659 592 mrum.

939 623 987 678 Est
999 629 1089 678 autem
1103 622 1173 678 inter
1187 623 1252 678 deos
1267 623 1456 688 intractabilis,
1471 624 1524 678 nisi
1537 624 1657 696 seipsum

937 710 1049 767 consilia
1061 709 1207 783 agitaverit
1222 717 1300 784 pater
1312 728 1439 783 magnus,
1455 717 1487 766 ut
1500 710 1624 766 viderent
1641 729 1647 766 ι

937 796 984 853 ubi
1006 815 1094 870 neque
1122 797 1208 853 aether
1229 799 1284 855 tert
1300 799 1393 855 stellas
1415 799 1698 872 splendidam-lucem·

1542 889 1695 960 [habentes.

937 991 1024 1047 neque
1033 973 1098 1030 luna
1109 973 1406 1047 arguta-luce-lulgens
1420 973 1550 1032 imminet.

938 1062 999 1118 Non
1018 1061 1087 1118 deus
1106 1062 1224 1118 occurrit
1241 1079 1290 1135 per
1306 1061 1388 1132 mam,
1411 1079 1499 1134 neque
1514 1079 1565 1135 ego
1581 1063 1640 1136 ipse
1658 1066 1698 1120 sol

938 1149 1021 1205 radiis
1040 1165 1160 1223 presens
1180 1150 1359 1216 me-ell'undo,
1373 1167 1423 1222 per
1442 1151 1695 1221 alborem-vertigi-

938 1237 986 1292 sed
998 1243 1041 1293 est
1055 1235 1128 1310 ignei
1142 1236 1186 1292 dei
1201 1238 1356 1311 pralongus
1371 1238 1473 1300 alveus,
1551 1239 1694 1309 [ne-actus,

938 1323 1066 1398 gradiens
1088 1323 1243 1380 volubiliter
1263 1323 1619 1397 prescieritate-strepens.
1635 1325 1694 1380 Non

1490 1411 1608 1484 [quidem
1624 1412 1696 1466 illum

938 1499 960 1554 si
975 1499 1037 1571 quis
1051 1497 1190 1572 attigisset
1204 1497 1295 1572 ignem
1311 1498 1463 1561 aetherium,
1481 1505 1571 1554 ureret
1583 1506 1694 1570 pectus:

937 1587 1067 1641 nonenim
1076 1586 1157 1642 habet
1166 1604 1220 1658 quo
1232 1593 1302 1650 uratt
1310 1585 1493 1657 continuaque
1501 1584 1696 1641 exercitatione

937 1691 1022 1729 aarum
1036 1691 1093 1728 aevo
1108 1673 1273 1729 immiscetur
1285 1672 1416 1747 incipiens
1429 1690 1445 1728 a
1460 1674 1510 1728 deo
1527 1673 1598 1745 ipso.
1627 1673 1695 1742 [sus,

937 1761 978 1816 Ex
998 1767 1130 1826 se-ortus,
1149 1761 1342 1826 non-edoctus,
1366 1760 1424 1816 sine
1440 1768 1536 1824 matre,
1556 1760 1697 1815 inconcus-

936 1865 1023 1921 nequa
1038 1848 1128 1920 quoad
1141 1865 1240 1903 nomen
1261 1847 1344 1904 verbo
1364 1848 1473 1920 quidem
1494 1845 1652 1919 capiendus,
1669 1845 1697 1900 in

1467 1935 1542 2008 [igne
1557 1934 1694 1998 habitans,

936 2024 988 2080 hoc
1001 2024 1069 2080 deus
1082 2029 1122 2080 cst
1131 2041 1138 2079 :
1147 2023 1256 2080 modica
1267 2031 1357 2080 autem
1371 2023 1414 2079 dei
1429 2024 1518 2096 portio
1532 2023 1619 2078 nuntii
1634 2039 1693 2078 nos.

1057 2172 1116 2226 tlt.
1137 2169 1325 2226 APOLLlNlS
1344 2169 1572 2225 SARPEDONII.
1614 2249 1618 2256 ι

1227 2275 1399 2338 Palmyrenis.

936 2397 1012 2452 Erite
1027 2395 1094 2451 meis
1109 2394 1224 2462 aedibus,
1239 2396 1414 2468 impostores,
1430 2393 1575 2468 perniciosi
1590 2393 1650 2460 viri,

935 2504 1022 2560 genus
1036 2484 1226 2541 immortalium
1236 2483 1384 2558 gloriosum
1395 2481 1693 2539 molestia-allicientes.

1199 2635 1258 2688 ¹42.
1279 2641 1423 2686 musonis.

967 2765 1190 2831 interrogantibus
1202 2764 1356 2830 quibusdam
1370 2765 1401 2813 da
1415 2763 1551 2814 Aureliani
1566 2773 1658 2814 contra

1137 2848 1309 2910 Palmyrenos
1319 2845 1492 2912 expeditione.

933 2975 1012 3030 Falco
1023 2974 1152 3029 columbis
1162 2991 1277 3038 sacrum,
1288 2976 1333 3030 he.
1343 2973 1490 3044 ingentem,
1501 2973 1602 3029 luctum
1611 2972 1694 3028 addu-

933 3061 1006 3118 solus
1021 3062 1114 3119 multis
1134 3079 1140 3117 :
1155 3062 1196 3117 hm
1208 3066 1298 3117 autem
1314 3062 1425 3117 horrent
1439 3059 1596 3117 occisorem.
1618 3061 1693 3132 [cens

1047 3212 1106 3266 tls.
1127 3209 1315 3266 APOLLlNlS
1335 3207 1585 3266 CHALCEDONll.

931 3344 987 3400 Sed
1001 3343 1110 3415 quando
1130 3343 1262 3414 Nympha
1276 3342 1383 3397 roscida
1402 3359 1451 3414 per
1466 3342 1560 3397 urbem
1575 3343 1675 3398 chorea

931 3432 1083 3504 gaudentes
1097 3430 1278 3485 versabuntur
1292 3429 1486 3484 hene-ornatas
1506 3446 1555 3501 per
1569 3429 1638 3497 vias,

930 3529 957 3575 et
971 3536 1064 3575 murus
1074 3515 1301 3589 multos-gemitus
1313 3517 1429 3571 allerens
1448 3516 1552 3571 balneis
1565 3516 1691 3590 eritpra·

1582 3605 1690 3672 sidium,

926 3689 1689 3767 jamtuncplurimaegenteslatedispersorumhominum,

930 3783 992 3838 lstri
1004 3781 1222 3854 pulcra-liuentis
1237 3782 1334 3838 vadum
1346 3778 1512 3854 trajicientes
1524 3796 1583 3834 cum
1599 3779 1689 3846 hasta,

928 3877 957 3926 et
970 3868 1127 3944 Scythicam
1138 3871 1254 3943 perdent
1264 3869 1402 3941 regionem
1415 3873 1442 3924 et
1452 3869 1567 3941 Mysiam
1578 3872 1689 3926 terram.

929 3959 1065 4016 Pausiam
1081 3959 1129 4015 sed
1144 3957 1213 4014 enim
1233 3958 1365 4028 ingressas
1378 3975 1438 4012 cum
1453 3974 1502 4027 spe
1516 3958 1621 4020 insana,

929 4047 967 4104 ibi
982 4054 1010 4103 et
1023 4047 1086 4103 vitm
1100 4046 1162 4102 linis
1178 4053 1206 4102 el
1219 4044 1339 4119 pralium
1358 4061 1404 4100 aas
1416 4042 1565 4100 cohibebit.

927 4344 983 4395 qnae
994 4337 1079 4380 tamen
1091 4328 1158 4378 haud
1168 4335 1272 4376 cessant
1283 4328 1381 4376 hostem
1393 4327 1542 4387 exhorrere,
1550 4325 1687 4376 columbis.

1522 4425 1584 4459 nso.
1602 4423 1686 4458 roarr.

1102 4515 1158 4563 lla.
1177 4525 1314 4562 sensuras
1333 4525 1515 4560 cnsucsnomi.

926 4606 1054 4670 Tempore
1069 4620 1119 4671 quo
1134 4603 1245 4669 liquidas
1260 4601 1397 4668 agitabunt
1411 4604 1475 4652 urbe
1488 4603 1609 4656 choreas,

925 4689 1036 4754 lataque
1050 4687 1187 4738 subsilient
1200 4687 1296 4737 hilares
1312 4701 1358 4750 per
1372 4685 1486 4750 compita
1501 4685 1631 4748 nymphae,

925 4787 956 4822 ac
970 4770 1071 4821 funesta
1085 4771 1158 4821 dabit
1171 4787 1261 4820 murus
1274 4768 1419 4818 munimina
1432 4767 1550 4826 thermis,

925 4863 985 4905 tunc
999 4856 1079 4905 sortes
1094 4854 1183 4920 populi
1197 4853 1276 4902 variis
1291 4869 1304 4901 s
1318 4852 1439 4916 gentibus
1455 4851 1505 4901 orti

925 4937 1056 5002 trajicient
1068 4937 1148 4987 armis
1161 4936 1220 4986 lstri
1233 4935 1353 5001 speciosa
1368 4935 1473 4994 fluenta,

924 5020 1111 5084 vastabuntque
1124 5035 1202 5085 agros
1215 5021 1310 5069 Moesos
1321 5027 1399 5082 atque
1414 5031 1477 5066 arra
1488 5015 1651 5078 Scytharum.

924 5102 974 5152 Ast
989 5100 1033 5151 ubi
1044 5101 1207 5152 Pannoniam
1219 5100 1354 5164 attigerint
1366 5098 1467 5163 majora
1481 5103 1604 5161 parantes

926 5185 972 5235 hos
988 5184 1042 5234 illic
1056 5183 1137 5234 satum
1151 5193 1176 5236 et
1190 5184 1282 5234 Martis
1297 5182 1420 5232 violentia
1435 5179 1519 5230 sistet.
1594 5192 1677 5230 vassa
