4116 6022
502 416 628 477 CAPUT
650 416 702 478 IV.
724 418 1024 479 EXHORTATORIA
1045 421 1094 480 ΕΤ
1116 423 1431 488 SUPPLICATORiA.
1694 436 1748 494 391

220 546 256 610 ῶς
269 549 367 624 χρόνος
381 543 435 604 δσθ’
449 543 522 618 ἥόης
534 550 583 603 καὶ
598 546 691 622 βιότου
707 546 799 624 ὀλίγος

1030 575 1109 631 quum
1121 567 1229 634 ternpus
1243 563 1279 620 sit
1289 564 1440 636 juventutis
1454 573 1482 622 et
1497 566 1558 624 vite
1572 567 1653 626 breve

181 630 298 704 θνητοῖς.
318 618 397 690 Ᾰλλὰ
410 637 443 690 σὺ
461 639 548 691 ταῦτα
563 633 656 711 μαθὼν
673 634 766 710 βιότου
780 639 843 692 ποτὶ
855 639 941 714 τέρμα
995 645 1163 703 mortalibus.
1179 649 1220 704 Tu
1231 666 1294 705 vero
1307 650 1364 706 hoeo
1374 651 1470 709 doctus
1480 651 1542 710 vitm
1554 671 1639 728 usque
1653 657 1687 712 ed
1703 663 1754 714 ter-

220 721 299 800 ψυχῄ
313 726 365 778 τῶν
380 720 489 799 ἀγαθῶν
503 721 585 794 τλῆθι
597 720 787 801 χαριζόμενος.

449 872 478 928 θ.
495 878 557 926 Tot·
569 877 680 926 ΑΥΤΟΥ.

181 999 239 1056 Οὐκ
254 999 322 1055 ἔστιν
340 998 437 1076 μείζων
456 999 573 1075 βάσανος
584 1005 686 1079 χρόνου
702 999 813 1067 οὐδενός
827 1003 919 1080 ἔργου,

221 1088 250 1152 ὃς
262 1089 309 1143 καλ
323 1088 375 1144 ὑπό
389 1092 506 1166 στόρνοις
520 1086 617 1166 ἀνδρὸς
630 1084 714 1154 ἔδειξε
728 1094 801 1146 νόον.

448 1241 477 1298 5.
492 1245 555 1296 rur
569 1247 680 1296 error.

180 1371 237 1440 Την
252 1369 287 1446 ῥά
300 1367 362 1426 ποτ’
377 1369 541 1447 Οὐλύμποιο
554 1373 616 1448 περὶ
629 1369 748 1448 πλευρὰς
761 1369 897 1446 ἐκάλυψεν

221 1458 291 1521 ὠκὺς
302 1457 356 1512 ἀπδ
372 1457 484 1534 Θρῄκης
497 1459 643 1535 όρνόμινος
655 1459 769 1536 Βορόης,

181 1541 284 1622 ἀνδρῶν
305 1542 329 1600 δ’
348 1543 487 1622 ἀχλαίνων
508 1543 588 1602 Ιδακε
607 1548 714 1622 ρρόνας,
734 1546 821 1621 αὐτὰρ
835 1543 939 1622 ἑθάρθη

220 1629 291 1702 ζωὴ,
303 1632 418 1708 ,Πιερίην
431 1635 485 1707 γῆν
500 1632 695 1708 δπιισσαμόνη,

155 1724 166 1769 i
181 1719 208 1773 ἔν
220 1738 260 1783 τις
272 1721 335 1794 ἐμοὶ
348 1721 396 1774 καὶ
408 1723 457 1789 τῆς
469 1722 555 1797 χείτω
573 1723 662 1796 μόρος·
678 1722 710 1775 οὐ
724 1721 777 1798 γὰρ
791 1721 862 1776 ἔοικε

221 1804 323 1882 θερμὴν
340 1803 484 1882 βαστάζειν
499 1804 577 1884 άνδρῖ
591 1805 661 1884 φίλῳ
673 1810 816 1884 πρόποσιν.

299 2045 327 2102 6.
351 2043 541 2099 ΣΙΜΩΝΙΔΟΥ
558 2045 580 2098 ii
600 2043 812 2105 ΕΠΙΧΑΡΜΟΥ.

257 2163 389 2253 Ῡγιαῖνειν
406 2177 454 2252 μὲν
468 2177 576 2254 ἄριστον
591 2175 669 2254 ἀνδρὶ
682 2175 781 2254 θνατῷ,

259 2261 383 2342 δεύτερον
396 2261 425 2320 Si
440 2267 510 2342 φυὰν
526 2263 612 2320 καλόν
625 2263 760 2341 γινόσθαι,

256 2353 288 2407 τό
303 2349 332 2408 δὲ
346 2355 434 2430 τρίτον
448 2351 575 2408 πλουτεῖν
590 2349 707 2418 ἀδόλως,

256 2443 381 2518 τέταρτον
396 2436 426 2495 δὲ
439 2436 512 2516 ηθᾷν
529 2441 662 2516 μετὰτῶν
677 2439 774 2517 ριλιον.

397 2595 426 2650 7.
447 2589 722 2649 inminuerunt.

257 2713 323 2780 Πρός
335 2710 410 2764 τοῦτο
430 2711 608 2778 Ἀναξανδρίδης
621 2710 688 2762 οὕτω
701 2712 860 2777 παρῴδησεν.

218 2817 285 2888 Oet
300 2831 410 2888 σκόλιον
425 2832 633 2909 septiviram,
648 2831 719 2896 όστις
731 2829 778 2902 ην,

222 2922 248 2976 τό
265 2921 313 2997 μῖν
328 2921 455 2996 ὑγιαίνειν
469 2922 586 2997 πρῶτον,
604 2921 640 2984 ῶς
653 2920 761 2996 ἄριστον
774 2915 806 2997 ᾖ,

217 3009 359 3085 ὠνόμασεν
373 3005 468 3084 ὀρθῶς,
486 3003 610 3084 δεύτερον
626 3003 650 3060 δ’
667 3003 736 3063 εἶναι
749 3005 847 3070 καλόν,

215 3099 304 3174 τρίτον
318 3094 349 3151 δῖ
362 3094 500 3152 πλουτεῖν.
517 3091 610 3164 Ταῦθ’,
628 3093 703 3172 δρᾷς,
721 3096 858 3170 δμαίνιτο·

151 3195 163 3241 5
219 3187 288 3262 μετὰ
300 3185 351 3254 την
366 3183 468 3259 ὑγίιιαν
481 3182 534 3258 γάρ
551 3183 582 3236 τό
596 3179 724 3238 πλουτεῖν
740 3179 872 3260 διαράρει,

217 3272 301 3336 καλός
315 3268 344 3328 tt
358 3273 455 3327 πεινῶν
471 3272 584 3346 αἰσχρόν
598 3269 654 3324 tort
666 3266 775 3346 θηρίον.

395 3420 423 3478 8.
447 3414 722 3474 ΚΛΕΟΒΟΥΛΙΝΗΣ.

169 3551 257 3632 'Ario’
270 3549 342 3608 εἶδον
356 3549 506 3607 κλίπτοντα
520 3551 568 3604 καὶ
582 3543 758 3614 δξαπατῶντα
775 3546 879 3622 βιαίως·

217 3643 264 3696 καὶ
276 3641 307 3695 τθ
324 3637 372 3715 βίᾳ
386 3632 461 3716 ῥέξαι
473 3639 554 3692 τοῦτο
569 3632 750 3690 δικαιότατον.

402 3789 431 3847 9.
454 3784 719 3844 ΛΝΑΚΡΕΟΝΤΟΣ.

180 3923 219 3978 Οὐ
235 3919 322 3998 φίλος,
339 3919 368 3983 te
379 3921 496 3998 κρητῆρι
509 3919 584 3996 παρὰ
599 3915 675 3994 πλόῳ
690 3911 875 3984 οἰνοποτάζων

218 4013 308 4064 νείκεα
322 4011 369 4064 καὶ
381 4006 502 4082 πόλεμον
518 4003 683 4084 δακρυόεντα
697 4004 784 4081 λόγιι·

213 4355 290 4414 etque
300 4346 443 4412 juventutis
454 4359 532 4410 quam
545 4345 625 4395 breue
638 4344 672 4394 rit
685 4343 808 4409 spatium.

180 4433 220 4482 Τιι
234 4430 348 4481 monitus
361 4428 480 4490 metiore,
495 4429 571 4478 datur
584 4427 646 4476 rium
661 4425 756 4488 rivere,
771 4425 847 4476 rire:

212 4513 407 4579 rire‚,inqnem.
423 4522 449 4562 st
462 4510 540 4577 genio
552 4509 662 4560 comiter
672 4511 829 4574 obsequere.

772 4607 799 4642 ιι.
820 4605 940 4642 osorius.

476 4661 501 4710 i.
520 4673 644 4710 srusnnu.

181 4745 295 4808 Tempus
307 4749 401 4792 ennete
416 4741 500 4803 docet,
517 4756 568 4805 quo
582 4755 635 4790 nou
649 4747 689 4790 est
703 4738 800 4790 certior
813 4738 889 4790 index
904 4753 912 4789 τ

214 4839 326 4891 nemque
339 4825 419 4876 imum
434 4831 546 4875 mentem
561 4823 675 4888 pectoris
689 4823 795 4874 eroluit.

819 4903 846 4938 n.
862 4902 940 4938 orror.

481 4959 505 5006 5.
523 4969 557 5005 nn
574 4969 645 5005 urse.

182 5051 265 5108 Quem
278 5049 364 5115 posuit
377 5049 508 5115 quendem
522 5049 591 5098 intus
605 5048 638 5097 nd
653 5045 772 5096 sublimis
788 5043 899 5111 Olympi,

216 5135 259 5199 qui
274 5135 343 5184 ierus
357 5132 466 5196 Odrysio
480 5139 571 5182 ventur
586 5132 618 5182 nb
634 5145 679 5180 nse
692 5128 770 5186 venit.

183 5217 290 5268 immitis
302 5217 358 5268 uhts
372 5225 442 5267 reste
453 5215 530 5278 αἰτίας
546 5231 603 5282 quer
618 5213 717 5264 lumino
730 5212 790 5264 vitm

1031 732 1119 791 animo
1134 742 1179 790 tuo
1193 735 1265 792 bone
1280 754 1425 810 persovere
1443 739 1610 812 grotiiieens.
1643 743 1753 816 [minum

1281 885 1307 939 4.
1324 895 1468 938 musonii.

996 1007 1057 1064 Non
1066 1015 1108 1065 est
1117 1010 1211 1067 melior
1220 1011 1301 1068 index
1311 1013 1390 1069 ullius
1402 1015 1441 1070 rei
1452 1033 1533 1087 quern
1547 1021 1665 1090 tempus,
1678 1020 1752 1092 [tem.

1031 1095 1104 1168 quod
1122 1097 1164 1152 vel
1182 1099 1234 1155 sub
1253 1099 1409 1174 pectoribus
1422 1101 1539 1158 hominis
1562 1103 1665 1161 indicet
1684 1124 1755 1162 men·

1283 1253 1308 1304 5.
1324 1258 1470 1302 EJUSDEM.

996 1372 1083 1442 Quem
1096 1375 1158 1432 oiim
1169 1374 1275 1450 Olympi
1290 1377 1362 1434 circe
1374 1379 1459 1436 intere
1473 1381 1594 1438 condidit
1608 1387 1696 1438 rrr'uem

1065 1459 1136 1519 nitus
1150 1480 1166 1518 n
1180 1463 1296 1520 Thracio
1310 1482 1438 1538 egressus
1453 1466 1566 1534 Boreas,

995 1547 1134 1606 hominum
1146 1557 1236 1607 sutem
1251 1551 1392 1608 sine-imno
1407 1561 1519 1626 pectore
1533 1556 1692 1625 momordit3
1707 1557 1756 1613 sed

1065 1635 1137 1703 vive,
1153 1637 1270 1694 Pieriam
1284 1647 1385 1696 terrum
1402 1639 1506 1706 indute,
1578 1642 1697 1716 [sepulte
1714 1651 1757 1698 est

996 1723 1140 1796 quemdem
1153 1725 1251 1800 aliquis
1264 1726 1331 1782 mihi
1345 1733 1373 1783 et
1387 1727 1468 1800 hujus
1482 1727 1617 1786 intendito
1631 1738 1755 1803 portem:

1515 1817 1580 1888 [nou
1594 1817 1666 1873 enim
1679 1818 1758 1876 decet

1066 1896 1180 1954 solident
1194 1898 1265 1954 ferre
1280 1898 1337 1956 viro
1353 1899 1440 1957 emico
1454 1900 1681 1975 propinationem.

1096 2050 1123 2104 ό.
1143 2048 1327 2106 SIMONIDIS
1345 2049 1426 2107 SIVE
1446 2051 1657 2111 EPICHARMI.

997 2179 1094 2236 anere
1108 2179 1217 2253 quidem
1231 2181 1362 2254 optimum
1376 2188 1419 2238 est
1435 2181 1537 2238 homini
1551 2184 1669 2252 mortali,

997 2268 1215 2324 seeundosutem
1230 2269 1317 2324 iormn
1330 2267 1457 2342 puleruur
1486 2287 1558 2339 esse,

997 2351 1131 2427 tertioque
1146 2352 1257 2410 diuitem
1268 2371 1330 2409 esse
1345 2353 1486 2422 sinedoio,

997 2444 1095 2512 qunrto
1108 2445 1136 2495 et
1146 2437 1397 2511 juventute-llorere
1412 2457 1473 2496 oum
1487 2441 1593 2498 amieis.

1213 2593 1239 2644 7.
1254 2588 1538 2647 Attuxsttuffluts.

997 2701 1159 2754 Sententiam
1172 2704 1241 2754 hano
1255 2703 1281 2754 in
1294 2703 1365 2755 eliud
1379 2705 1417 2756 rio
1427 2705 1537 2757 detorsit
1548 2708 1757 2762 Anaxantirider.

1033 2826 1091 2888 Ille.
1107 2825 1231 2899 quisquis
1244 2826 1306 2896 init,
1319 2827 1366 2902 qui
1381 2828 1482 2885 sooiion
1497 2833 1674 2904 excogitavit,

1032 2912 1176 2970 sanitatem
1190 2913 1298 2986 quidem
1312 2914 1437 2987 primum,
1452 2917 1516 2989 quin
1526 2918 1629 2992 optimo
1642 2920 1688 2988 sit,

1031 3001 1179 3059 nominarit
1193 3009 1276 3070 recte,
1293 3003 1437 3059 secundnm
1452 3012 1543 3062 sutem
1556 3015 1736 3076 venustatem,

1031 3089 1192 3164 tertiamque
1211 3089 1331 3146 divitius.
1348 3091 1406 3148 Ηοο
1420 3091 1524 3162 dicens,
1539 3094 1627 3158 rides.
1640 3096 1759 3154 insanie·

1031 3177 1100 3232 Num
1114 3185 1177 3251 post
1191 3177 1335 3234 sanitatem
1348 3194 1415 3252 opes
1430 3180 1599 3252 precellunt;
1689 3184 1757 3257 [bnt.

1031 3273 1162 3322 venustus
1176 3273 1266 3322 eutem
1278 3265 1402 3322 esuriens
1416 3267 1505 3341 turpis
1518 3268 1608 3325 beliue
1622 3276 1674 3326 est.

1233 3419 1259 3472 8.
1276 3416 1520 3476 CLEOBULINAE.

998 3549 1139 3606 Hominem
1153 3547 1207 3605 vidi
1222 3550 1357 3606 iurantem
1373 3554 1401 3604 et
1419 3550 1589 3608 fraudantem
1604 3551 1757 3614 violenter:

1032 3655 1097 3694 sene
1110 3637 1162 3694 hoc
1176 3635 1305 3693 violentie
1317 3636 1415 3693 fecisse
1425 3637 1616 3710 justissimum.

1226 3791 1251 3844 υ,
1268 3785 1529 3844 trecenorum.
1562 3835 1757 3905 [num-pouns-

996 3922 1058 3977 Non
1083 3919 1185 3976 eminus
1208 3921 1255 3976 itte
1282 3917 1328 3991 qui
1353 3925 1459 3974 cratere
1478 3918 1560 3990 juxto
1583 3916 1691 3990 pienum
1718 3917 1758 3973 ri·

1028 4006 1122 4082 jungis
1136 4013 1164 4064 et
1179 4004 1278 4062 bellurn
1291 4003 1461 4060 ieorimosum
1477 4003 1595 4076 loquitur
1610 4021 1617 4059 ι

1030 4343 1136 4397 eondits
1149 4338 1237 4392 Pierio
1251 4339 1357 4405 pulvere
1371 4337 1496 4388 deseruit.

998 4432 1063 4480 Fors
1074 4427 1163 4492 aliquo
1177 4440 1207 4474 ex
1220 4423 1267 4472 iile
1279 4421 1366 4471 reniet
1377 4419 1455 4480 mihi3
1469 4418 1578 4476 crimen.
1591 4419 1676 4470 amieo

1030 4523 1142 4573 nemque
1157 4503 1256 4556 homini
1269 4501 1348 4554 calidi
1362 4501 1397 4552 rit
1411 4503 1474 4552 dors
1488 4499 1565 4566 pocla
1578 4499 1654 4548 meri.

1636 4598 1661 4632 n.
1679 4599 1757 4634 neon.

1264 4680 1289 4728 8.
1307 4690 1484 4729 cuonunrrrer.

997 4773 1111 4840 Cognovi
1124 4771 1261 4840 quemdam
1274 4770 1406 4820 tollentem
1419 4775 1444 4817 et
1458 4767 1482 4816 ri
1495 4765 1650 4830 spoliantem
1668 4781 1673 4814 :

1029 4857 1054 4908 ri
1066 4857 1152 4908 iuuere
1165 4855 1215 4904 hoo
1229 4859 1299 4902 serto
1312 4866 1354 4900 res
1367 4849 1453 4914 magis
1466 4863 1542 4912 mque
1555 4846 1613 4897 tuit.

1614 4944 1683 4980 nrnn.
1702 4944 1756 4980 nst».

1258 5028 1283 5076 9.
1302 5037 1493 5075 rurcrsourrs.

997 5125 1054 5174 Non
1067 5122 1153 5188 piacet
1167 5119 1210 5170 ille
1224 5117 1298 5176 mihi,
1312 5117 1355 5181 qui
1370 5115 1429 5165 lites
1444 5127 1562 5178 suetoque
1577 5113 1647 5163 belin

1029 5207 1091 5256 dum
1104 5209 1225 5268 spumant
1239 5199 1343 5250 Bromio
1356 5197 1449 5262 pocula
1464 5211 1536 5248 rore·
1547 5207 1639 5261 erepat
1652 5209 1660 5245 r
