4076 6022
706 426 744 486 IN
767 429 893 490 CAPUT
914 430 926 490 Ι
947 429 1179 491 ΑΝΝΟΤΑΤΙΟ.
1706 430 1742 494 93

178 561 236 610 Ista
249 558 355 609 Micone
371 565 443 609 satus
459 557 602 608 simulacra
617 559 714 608 effinxit
730 561 838 620 Onalos,

214 625 303 675 insula
316 625 343 674 in
355 625 456 690 AEgina
469 625 510 674 cui
526 626 612 690 patrIa
626 635 704 690 atque
716 625 820 676 domus.

176 768 273 818 XLIII.
290 767 424 831 Olympio.
442 765 530 817 Edidit
547 768 578 816 E.
600 767 713 826 Curtius,
727 766 849 817 Arcldol.
862 770 919 819 'lei-

141 841 222 900 ίιιιιρ,
240 835 315 892 1876,
328 850 354 898 p.
370 835 409 892 18,
428 849 454 882 n.
473 835 497 882 8.

175 968 273 1017 XLIV.
287 967 324 1016 Ex
343 968 457 1017 Pausan.
475 966 544 1023 VIII,
563 969 603 1024 13,
618 969 688 1016 9-19.
702 967 841 1032 Repetiere
860 975 919 1032 post

140 1035 245 1084 multoe
266 1035 381 1084 Brunch.
408 1033 484 1084 Anal.
505 1033 549 1090 Ill,
570 1048 595 1098 p.
621 1035 681 1088 171,
697 1051 794 1092 οιινιιι,
809 1035 916 1084 Jacobs.

139 1101 267 1166 append.
281 1101 372 1166 Epipr.
389 1117 415 1150 n.
429 1103 486 1150 325.
503 1121 513 1144 ι
528 1100 585 1148 lloc
598 1101 715 1149 carmine
726 1101 809 1150 utitur
822 1101 919 1150 Pausa·

140 1169 205 1218 nias
223 1169 257 1218 ad
278 1167 455 1216 deliniendum
476 1167 568 1216 Onatae
592 1175 705 1216 aetatem.
728 1170 826 1217 Onatas
849 1167 919 1216 eninr

141 1235 260 1284 iliconis
273 1233 352 1290 filius,
369 1233 505 1298 AEgineta,
524 1233 554 1282 τὰ
566 1233 720 1295 ἀναθήματα,
738 1249 796 1300 quae
810 1235 843 1285 ab
855 1234 918 1284 Hie·

140 1317 209 1351 rone
234 1317 283 1367 pro
306 1301 423 1350 victoriis
447 1317 461 1350 e
486 1299 673 1350 certaminibus
692 1301 834 1366 reportatis
858 1309 918 1351 voto

142 1367 279 1431 promissa
297 1367 458 1418 Dinomenes
480 1374 539 1431 post
553 1365 636 1430 patris
649 1375 760 1417 mortem
778 1367 917 1426 dedicavit,

140 1437 338 1486 elaboraverat.
353 1433 549 1485 atrectatu.
564 1448 635 1498 supr.
648 1435 688 1482 12.
703 1435 757 1489 tto:
770 1435 813 1497 μέν
826 1449 855 1497 μι
871 1435 918 1483 Mi-

141 1518 232 1557 ιωνος.
255 1529 285 1538 -
300 1499 407 1550 Grotius
426 1500 499 1550 dedit
519 1515 579 1550 cum
599 1501 720 1550 lemmate
736 1516 742 1548 ι
759 1501 795 1550 Τό
810 1500 848 1550 lai
873 1517 919 1550 τινι

141 1569 310 1630 Δεινομένους
321 1573 366 1617 τοῦ
385 1567 498 1634 Ἱέρωνος
509 1567 657 1630 ἀναθήματι.

175 1700 258 1751 XLV.
284 1702 372 1750 Habet
392 1701 549 1756 Athenaeus,
569 1700 613 1758 Vl,
636 1706 700 1748 sect.
726 1702 767 1759 21,
792 1715 818 1765 p.
841 1699 889 1748 282
910 1715 916 1750 :

148 1768 290 1830 Ἱστορεῖ...
307 1769 401 1824 Φανίας
413 1769 438 1818 δυ
451 1770 487 1832 τῷ
498 1768 554 1831 aspi
567 1767 616 1815 τῶν
633 1765 657 1814 ἐν
670 1767 766 1831 Σικελία
781 1764 917 1831 τυράννων,

140 1835 176 1889 ὡς
191 1835 294 1898 χαλκῶν
310 1837 390 1885 ὄντων
408 1837 458 1884 τῶν
473 1835 582 1884 παλαιῶν
598 1832 763 1896 ἀναθημάτων
778 1832 820 1881 sal
835 1833 918 1898 τριπό-

139 1900 203 1959 δων,
219 1901 263 1950 aul
276 1902 396 1958 λεόητων,
409 1901 451 1949 ani
464 1901 624 1966 ἐγχειριδίων,
638 1891 671 1948 ὧν
690 1899 726 1962 ἀφ’
741 1898 793 1955 ίνδς
810 1898 852 1948 καὶ
866 1899 918 1950 int·

140 1966 282 2032 γεγράφθαι
296 1969 382 2031 φησίν’
400 1969 496 2026 θάηοαί
511 1969 536 2031 μ’
540 2003 591 2014 .....

175 2107 411 2174 Χ1.1’1.11ι·γιλίνι’ν.
422 2109 566 2166 Hamilton,
579 2107 739 2168 lleeeorchar,
747 2111 806 2168 elo„
816 2123 842 2156 n.
853 2109 898 2158 att
909 2124 916 2168 ς

140 2174 223 2224 Rosa.
237 2176 318 2226 Arcll.
334 2176 411 2238 dass.
422 2177 455 2232 II,
469 2177 514 2236 87;
530 2175 625 2233 Lebas,
643 2175 675 2233 V,
697 2175 742 2234 38;
765 2175 796 2224 G.
811 2175 916 2224 Kaibel.

140 2241 252 2316 Epiprr.
269 2259 313 2308 pr.
338 2243 421 2307 clap.
446 2249 496 2292 etc.
516 2243 576 2292 789.
593 2242 682 2316 -Vs
709 2243 730 2290 1.
748 2241 826 2290 Roas.
842 2243 916 2302 ΣΗΣς

139 2307 806 2439 satta.aa.,uz‘tan‘·..t¹,tatata
828 2311 862 2357 1
865 2343 916 2358 ·····

175 2517 283 2567 XLVII.
304 2518 342 2566 llx
363 2519 478 2568 Pausan.
498 2516 554 2572 t'tt,
573 2517 612 2574 17,
632 2519 656 2565 7.
678 2537 689 2560 ιι
705 2515 819 2575 OEbotae,
832 2515 917 2566 (λιλαίεο

142 2583 209 2642 filio,
225 2584 345 2646 Dymaeo,
357 2583 468 2634 victoria
481 2583 628 2646 contigerat
641 2581 681 2630 Ol.
697 2582 742 2631 t't.
758 2583 852 2632 Statua
866 2581 918 2647 ipsi

144 2650 232 2714 posita
251 2659 292 2699 est
315 2651 459 2701 secundum
479 2648 578 2698 oraculi
601 2645 729 2697 monitum
754 2647 794 2697 01.
812 2649 915 2698 LXXX.

140 2717 184 2764 Cf.
205 2717 322 2766 Pausan.
340 2717 385 2776 Vl,
404 2719 428 2766 3.
446 2715 517 2766 Nihil
536 2715 583 2764 illa
600 2721 687 2764 statua
706 2713 754 2765 luit
777 2713 915 2765 illustrius.

143 2783 213 2832 Nam
226 2797 287 2831 curn
297 2781 409 2832 OEbotas
422 2782 522 2846 primus
532 2782 690 2832 Achaeorum
705 2780 820 2846 palmam
830 2781 916 2844 Olym-

142 2847 231 2914 picam
244 2847 362 2907 tulisset,
382 2849 488 2899 athletae
503 2848 605 2910 Achaei,
622 2845 773 2912 priusquam
790 2847 816 2896 in
832 2855 916 2897 certa-

141 2931 205 2966 men
218 2915 421 2973 descenderent,
437 2915 494 2981 ejus
514 2921 607 2963 statum
626 2921 776 2977 parentare,
788 2912 916 2978 palmam-

142 2998 195 3046 que
217 2982 308 3048 adepti
328 2983 448 3032 eamdem
471 2995 600 3031 coronare
621 2980 750 3029 solebant.
778 2999 789 3024 ν
815 2979 915 3031 Jacobs.

143 3049 191 3098 Vs.
203 3051 226 3098 1.
240 3049 365 3100 Kalmius
376 3050 468 3106 ὤνατο,
478 3045 633 3112 interposito
648 3052 708 3111 post
718 3047 793 3094 νικῶν
810 3055 915 3111 puncto.

142 3115 224 3180 Vulg.
255 3116 358 3180 Ἀχαιός,
375 3144 405 3153 -
419 3116 465 3164 Vs.
482 3117 511 3163 2ι
531 3116 657 3163 Ἐιιαλιῐτο
672 3112 699 3162 δλ
719 3113 812 3178 (Δύμη)
827 3115 858 3162 τὰ
874 3113 918 3178 μὶν

141 3181 298 3246 ἀρχαιότερα
310 3183 411 3234 Παλιία.
429 3201 440 3226 ν
456 3183 568 3232 Peucon.

177 3315 296 3364 XLVIII.
312 3316 340 3364 ln
359 3319 437 3364 aarlro
457 3329 538 3378 prope
556 3313 617 3362 Vari
633 3312 707 3376 αριιιί
720 3317 831 3363 veterem
847 3313 918 3362 rian-

140 3379 290 3446 phlystum‚
305 3379 350 3429 ndi
361 3382 418 3442 sere
429 3381 546 3430 Peneum
561 3379 670 3429 collocat
684 3378 789 3429 Strabo.
808 3379 917 3430 Boeclrh.

144 3447 224 3514 Corp.
240 3449 298 3505 188,
313 3446 460 3496 Kirchhoff.
475 3448 532 3505 181,
548 3447 579 3495 G.
598 3445 701 3494 Kaibel.
718 3445 775 3496 762,
789 3473 819 3482 -
833 3446 878 3493 Vs.
893 3447 917 3496 2.

152 3515 331 3578 Ἐξηργάξατο,
353 3512 391 3562 sic
411 3512 525 3572 Boeclth,
547 3510 687 3561 Kirchhoil
701 3519 727 3560 et
746 3512 777 3560 (I.
795 3509 918 3572 Kaibol.;

142 3595 197 3644 qua
217 3581 250 3630 de
265 3579 351 3629 torma
366 3579 523 3630 Tlresourum
542 3577 586 3628 adi
603 3594 625 3627 s.
640 3593 665 3625 r.
682 3579 852 3642 ὲῑιργόζομαι,
875 3579 919 3628 ubi

143 3648 176 3696 L.
198 3645 316 3696 Diodori
326 3645 433 3711 scripsit
452 3645 613 3711 ἐξηργάσατο,
636 3650 664 3693 ut
687 3645 757 3693 Hase
776 3644 802 3694 in
822 3645 918 3706 Φραδή,

143 3729 205 3762 cum
221 3721 311 3762 tamen
326 3713 397 3762 idem
413 3713 439 3762 in
453 3711 626 3775 νυμφόληπτος
638 3709 746 3760 dederat
759 3709 918 3774 δξηργόίατο.

180 3853 272 3904 XLIX.
289 3851 408 3917 Antipoli
423 3849 553 3914 (Antibes)
574 3849 686 3900 aedicula
705 3857 819 3928 reperta.
841 3851 916 3901 Edid.

142 3922 286 3976 Froehner,
302 3921 385 3970 lleoroe
401 3917 514 3968 aroldol.
530 3918 638 3976 18871,
657 3918 719 3977 360;
736 3917 796 3967 inde
813 3917 916 3976 Kaibel,

146 3989 239 4052 Ερίρν.
255 4003 309 4050 pr..
327 3993 377 4036 etc.
395 4001 422 4034 n.
436 3985 494 4034 781.
510 3983 541 4032 V.
555 3982 589 4032 id.
604 3983 678 4048 prael.
696 3999 721 4046 p.
740 3999 811 4033 xvn:
828 4005 840 4030 ι
854 3985 918 4034 Ter-

146 4069 198 4119 pon
218 4067 311 4103 eorum
330 4054 479 4102 damonum
500 4065 610 4100 numero
629 4048 730 4100 accedit
751 4049 843 4114 quales
858 4057 918 4100 sunt

142 4121 244 4187 Τύχων,
259 4121 370 4184 Γοργὼν,
381 4117 508 4178 linealiter
521 4116 613 4166 etalii.
629 4135 641 4158 ν
656 4115 783 4180 Loquitur
795 4117 916 4166 aedicula.

145 4233 177 4241 -
196 4206 244 4254 Vs.
264 4205 288 4251 2.
313 4201 394 4266 Lapis
413 4201 492 4250 habet
509 4192 654 4256 ΚΑῘΣΤ
669 4223 717 4236 -
736 4195 917 4254 ΧΑΡΙΑΝ·

145 4294 400 4355 ΤΑΠΟΔΟΙΗ.

179 4449 208 4496 L.
237 4447 276 4496 Ex
303 4447 418 4494 Pausan.
447 4447 492 4505 Vl,
522 4447 559 4503 ta,
588 4448 626 4494 ld.
654 4443 778 4510 inscripti
802 4451 863 4495 sunt
891 4445 918 4494 hi

144 4529 237 4563 corsus
251 4521 348 4562 statum
360 4511 420 4576 equi
441 4512 546 4562 nomine
560 4512 631 4574 Lyci,
656 4527 708 4577 quo
732 4511 851 4562 Phidotae
870 4511 916 4562 11111

143 4578 284 4630 victoriam
299 4578 452 4636 retulerant,
473 4579 541 4644 quod
565 4580 630 4629 satis
652 4587 815 4642 compertum
829 4587 869 4628 est
887 4594 917 4628 ex

144 4648 204 4712 ipso
226 4643 363 4696 Pausania
386 4660 392 4692 :
417 4647 528 4709 Ἐγένετο
553 4645 579 4694 et
602 4644 645 4695 καί
666 4643 711 4695 τοῦ
733 4645 846 4694 Φειδώλα
867 4647 919 4700 τοῖς

143 4714 226 4764 παισίν
239 4713 280 4764 ἐπὶ
300 4711 384 4768 νίλητι
402 4713 469 4775 Ianos
487 4713 553 4772 νίκη,
569 4712 640 4762 νιαὶό
661 4727 687 4761 τι
701 4713 775 4767 ἵππος
788 4711 826 4760 tnt
840 4712 917 4772 στήλη

142 4779 320 4842 πεποιημένος,
334 4778 375 4826 καὶ
390 4777 534 4842 ἐπίγραμμά
544 4779 609 4828 ιὀτιν
625 4776 661 4826 ἐπ’
679 4778 757 4841 αὐτῷ.
771 4778 834 4826 Post
852 4769 918 4827 aIIo's

146 4859 233 4896 tamen
252 4842 393 4894 Jacobsius
412 4844 467 4908 ipss
484 4844 582 4894 erravit
603 4845 634 4894 de
654 4844 724 4907 Lyco
746 4859 823 4908 quern
837 4859 917 4894 unum

144 4929 203 4962 esse
217 4910 339 4960 Phidolae
354 4909 468 4959 illiorum
490 4910 678 4960 arbitrabatur.
692 4937 721 4946 —
738 4912 784 4959 Vs.
799 4913 821 4958 1.
843 4911 916 4959 Ὠκυ-

144 4981 247 5044 όρόμοις
262 4977 380 5026 malebat
395 4977 561 5027 Camerarius
576 4976 735 5034 sinecausa3
752 4976 867 5026 notanda
879 4983 919 5026 est

145 5057 234 5094 tamen
254 5057 315 5092 cum
329 5042 453 5092 Jacobsio
468 5043 552 5094 forma
567 5043 714 5106 ὡκυδρόμας
728 5058 786 5108 quae
798 5057 859 5092 raro
874 5057 917 5092 oo-

145 5111 237 5160 currit.
249 5137 282 5147 —-
295 5111 340 5160 Vs.
354 5111 378 5158 2.
393 5109 419 5158 in
431 5110 489 5160 cod.
504 5109 617 5174 quodam
626 5109 766 5159 Pausania
776 5108 918 5158 Dortillius

146 5179 183 5226 orl
193 5178 333 5228 Chariton.
346 5175 442 5239 legisse
458 5175 521 5226 dixit
535 5177 638 5236 ’Ἱσθμια
649 5176 709 5235 πθξ;
728 5189 874 5240 perperam.
888 5203 917 5212 -

146 5243 260 5294 Exhibet
281 5242 398 5298 Grotius,
422 5242 491 5292 Flor.
514 5258 554 5307 pr.
572 5243 656 5292 Mont.
678 5257 727 5292 sec.
745 5258 770 5307 p.
791 5244 848 5300 329,
870 5243 918 5292 sub

146 5309 273 5360 lemmate
294 5326 301 5358 :
320 5310 356 5358 Τό
371 5310 409 5358 aa
424 5308 468 5358 τοῦ
483 5311 567 5358 huson
581 5307 627 5358 τοῦ
644 5309 756 5358 Φειδώλα
770 5309 918 5374 ἀναθήματι.

290 5407 464 5448 sstaowots
483 5407 523 5446 ut.

1009 561 1051 610 LI.
1078 562 1156 627 Apud
1179 561 1296 626 'l'hucyd
1319 562 1365 620 VI,
1392 559 1422 614 51
1450 574 1457 612 t
1484 599 1536 624 .,...
1561 565 1743 628 Πεισίστρατος

975 630 988 677 ὁ
1016 629 1111 679 Ἱππίου
1128 628 1174 679 τοῦ
1193 629 1403 694 τυραννιιίοαντος
1421 629 1483 688 υἱός,
1498 635 1543 680 τοῦ
1557 629 1659 680 πάππου
1680 630 1742 696 ἔχων

975 695 1093 759 τοῦνομα,
1102 697 1151 744 τῶν
1160 697 1257 746 δώδεκα
1267 697 1337 746 θεῶν
1348 697 1433 761 βωμὸν
1444 697 1486 745 τόν
1496 695 1521 746 ὲν
1531 701 1559 760 τῇ
1572 697 1653 762 ἀγορᾷ
1663 695 1744 763 ἅρχων

974 761 1139 820 desineant
1151 764 1192 810 τὸν
1205 768 1249 813 τοῦ
1270 764 1417 818 ’Λπόλλωνος
1429 763 1453 812 ἐν
1468 763 1570 812 Πυθίου.
1585 763 1634 812 Καὶ
1649 765 1684 825 τῷ
1700 765 1743 822 μὲν

974 826 999 876 όν
1019 835 1048 892 τῇ
1064 828 1145 894 ἀγορᾷ
1165 831 1400 893 προσοικοδομῆσας
1418 828 1523 894 ὕστερον
1543 830 1556 878 θ
1575 828 1652 892 δῆμος
1679 833 1743 891 Ἀθη·

973 895 1048 942 ναίων
1067 895 1146 957 μιῖίον
1166 897 1246 956 μῆκος
1263 895 1308 946 τοῦ
1326 893 1413 960 βωμοῦ
1431 897 1536 956 ἠφάνισε
1557 897 1742 964 τούπίγραμμα.

973 959 1025 1010 Τοῦ
1039 961 1061 1010 δ’
1073 962 1098 1010 ἐν
1113 963 1204 1011 Πυθίου
1218 962 1254 1011 ἔτι
1267 963 1309 1010 ani
1320 967 1362 1012 νῦν
1372 963 1444 1022 ὃηλόν
1456 963 1521 1013 (στιν
1534 964 1652 1029 ἀμυδροῖς
1665 965 1744 1030 γράμ-

974 1043 1034 1090 μασι
1054 1029 1125 1089 λόγον
1149 1029 1220 1078 τάδι-
1239 1029 1334 1091 Μνῆμα
1337 1064 1389 1086 .....
1407 1028 1465 1079 Sibi
1488 1029 1590 1080 ridetur
1604 1047 1629 1079 ν.
1646 1033 1679 1082 ολ.
1695 1033 1744 1082 Cu·

973 1095 1100 1144 manudes
1126 1096 1202 1154 Ἆθην.
1228 1096 1302 1152 1877,
1316 1111 1343 1160 p.
1361 1097 1418 1154 119,
1434 1095 1535 1146 eruisse
1557 1097 1643 1163 ipsum
1667 1097 1748 1150 Pisis·

973 1161 1035 1210 trati
1059 1176 1177 1211 marmor
1201 1169 1228 1211 et
1260 1159 1460 1226 inscriptionem
1485 1179 1543 1228 quas
1568 1164 1605 1214 sic
1629 1173 1670 1214 est
1694 1180 1745 1216 uno

973 1226 1078 1290 quidem
1093 1242 1187 1277 versu:

976 1328 1430 1412 ΜΝΕΜΑΤΟΔΕΗΕίΑΡ-λ-
1443 1331 1619 1400 Ε1ΠΕ11111
1630 1381 1729 1402 .....

1010 1418 1101 1484 tuot
1128 1417 1636 1575 &Ekfftgffitppffirloilittl
1650 1471 1658 1488 .
1673 1472 1704 1488 ..

1008 1662 1063 1713 Lll.
1085 1664 1125 1714 Ex
1143 1665 1259 1716 Pausan.
1280 1665 1324 1720 Vl,
1344 1665 1367 1726 8,
1388 1667 1425 1716 21
1449 1687 1460 1712 ι
1481 1666 1639 1732 Inscriptum
1654 1675 1747 1718 statuae

976 1728 1129 1789 Damarchi,
1155 1731 1202 1782 tllii
1223 1730 1348 1797 ninyam,
1367 1732 1475 1783 Arcadii
1495 1749 1527 1782 ex
1543 1734 1747 1785 Parrhasiorum

977 1797 1086 1860 populo,
1108 1797 1151 1862 qui
1174 1797 1301 1862 Olympiae
1327 1807 1467 1850 coronatus
1489 1799 1583 1851 luerat.
1609 1819 1621 1844 ν
1642 1801 1745 1851 Jacobs.

975 1861 1083 1912 Huncce
1096 1865 1210 1930 pugilem
1220 1865 1291 1915 sarna
1303 1873 1369 1924 erat,
1381 1880 1460 1930 quarn
1473 1881 1598 1916 ranorum
1612 1867 1747 1917 hominum

976 1929 1130 1992 figmentum
1144 1930 1287 1980 arbitratur
1297 1932 1454 1992 Pausanias,
1471 1931 1497 1982 in
1514 1933 1587 1982 loris
1601 1933 1688 1997 Lycaei
1705 1949 1747 1984 sa·

975 1995 1028 2044 cris
1043 1995 1071 2044 in
1082 1997 1172 2062 lupum
1184 2012 1349 2058 conversum,
1364 1998 1466 2049 decimo
1481 2014 1572 2049 rursus
1589 2014 1658 2050 anno
1673 2015 1746 2051 rece·

977 2061 1046 2125 pisse
1068 2063 1182 2114 hominis
1212 2065 1332 2128 figuram.
1353 2093 1383 2102 -
1410 2067 1455 2115 Vs.
1486 2069 1508 2114 1.
1533 2066 1611 2116 codd.
1636 2066 1746 2118 sacrani

976 2119 1082 2180 haberti·
1098 2131 1198 2180 Δινύτα.

1009 2263 1076 2312 Llll.
1096 2255 1134 2312 le
1149 2265 1264 2313 Pausan.
1280 2263 1313 2312 V.
1329 2265 1368 2322 19,
1382 2263 1426 2329 qui
1439 2265 1487 2314 hos
1501 2279 1591 2314 versus
1604 2265 1747 2332 inscriptos

976 2327 1056 2378 luisse
1071 2329 1152 2380 tradit
1168 2339 1241 2380 scuto
1252 2344 1343 2386 aureo,
1359 2331 1428 2394 quod
1452 2331 1500 2381 sub
1516 2329 1640 2382 Victoriae
1659 2339 1748 2383 statua

976 2393 1003 2444 in
1024 2395 1130 2461 fastigio
1148 2395 1238 2462 templi
1259 2396 1388 2460 Olympici
1410 2396 1567 2448 collocatum
1588 2405 1654 2448 erat.
1678 2399 1746 2449 Ilinc

976 2470 1087 2526 apparet
1107 2479 1147 2511 νν.
1168 2466 1253 2524 φιόιλαν
1268 2463 1375 2528 χρυσέαν
1394 2462 1422 2512 in
1446 2463 1504 2528 ipso
1518 2463 1636 2515 carmine
1648 2481 1700 2514 non
1713 2466 1746 2516 de

976 2529 1083 2593 scypho,
1103 2529 1149 2580 sed
1166 2529 1198 2579 de
1213 2537 1296 2588 scuto,
1318 2529 1387 2594 quod
1409 2530 1500 2595 scyphi
1520 2531 1631 2581 sormam
1652 2533 1747 2582 resere-

976 2594 1030 2653 θαι,
1050 2595 1205 2660 accipienda
1223 2611 1290 2646 esse.
1313 2596 1377 2644 llrat
1392 2595 1455 2646 illud
1475 2611 1569 2647 munus
1589 2599 1746 2664 Tanagraea

975 2675 1043 2720 rum,
1059 2664 1106 2712 sub
1121 2677 1232 2727 quorum
1246 2661 1377 2712 moenibns
1393 2663 1566 2714 Athenienses
1584 2672 1610 2714 et
1624 2664 1715 2729 Argivi
1730 2681 1747 2716 a

974 2725 1234 2778 Lacedaemoniorum
1268 2727 1482 2794 Boeotios-umque
1515 2730 1598 2793 caplis
1630 2732 1746 2796 superati

975 2801 1049 2844 erant
1059 2795 1099 2843 Ol.
1114 2794 1218 2852 LXXX.
1231 2799 1255 2844 l.
1268 2795 1307 2844 ct.
1320 2793 1398 2844 Diod.
1413 2795 1466 2846 Sic.
1481 2796 1528 2856 XI,
1540 2797 1584 2857 823
1600 2798 1745 2856 Pausanl,
1826 2783 1831 2796 ’

976 2861 1153 2925 29;Τ1ιιιοφ(1,
1169 2862 1189 2918 I,
1202 2864 1248 2914 197
1263 2876 1302 2927 sq.

1008 2927 1054 2976 Vs.
1073 2929 1097 2985 1,
1119 2928 1196 2992 vulgo
1213 2927 1240 2977 in
1262 2927 1312 2977 fine
1336 2927 1508 2992 praecedentis
1527 2943 1618 2978 versus
1640 2945 1755 2982 comma*

975 2991 1082 3057 ponitur
1092 2999 1119 3043 et
1133 3011 1170 3044 vs.
1185 2995 1198 3042 1
1211 2995 1247 3056 τῷ
1258 2996 1359 3056 πολέμω
1375 2994 1478 3059 legitur,
1492 2995 1560 3060 quod
1576 2995 1743 3048 Camerarius

975 3059 1086 3108 mutavit
1101 3059 1129 3110 in
1147 3061 1183 3110 τῶ
1196 3063 1306 3123 πολέμῳ.
1322 3060 1434 3112 Jacobs..
1447 3089 1477 3098 -
1499 3061 1622 3112 Exhibuit
1635 3063 1743 3114 Grotius

975 3124 1003 3174 in
1021 3127 1205 3177 Mentissam.
1225 3125 1314 3177 Floral.
1335 3143 1376 3192 pr.
1399 3144 1424 3192 p.
1444 3129 1502 3188 318,
1521 3143 1580 3178 cum
1594 3129 1740 3180 lemmate:

983 3193 1141 3258 Ἐπίγραμμα
1151 3193 1233 3243 ἀσπίδι
1248 3193 1294 3242 τινί
1307 3192 1637 3260 ίπιγραφάνδπιιργασμίνην
1648 3197 1741 3268 ἐχούσῃ

974 3259 1108 3309 Μέδουσαν
1120 3261 1163 3318 τὴν
1179 3261 1297 3326 Γοργόνα.

1009 3402 1322 3468 Ι.111.1ιιΡοιφλιγι.λί“1α
1334 3401 1498 3466 Pythoporae,
1510 3418 1539 3452 ex
1548 3402 1743 3454 Durid.Aanal.

976 3467 1023 3516 lib.
1040 3471 1063 3528 2,
1081 3469 1125 3533 qui
1136 3470 1212 3519 παῑδιί
1225 3468 1246 3518 τ’
1262 3469 1339 3519 αὐτοῦ
1354 3467 1488 3532 ἀναγράφει
1515 3470 1683 3536 Ἀρίμνηστον,
1702 3472 1746 3520 καί

975 3535 1120 3586 διδάσκαλόν
1136 3551 1196 3598 φησι
1213 3535 1324 3597 γενέσθαι
1343 3536 1516 3600 Δημοκρίτου·
1534 3535 1611 3586 τόνδ’
1633 3538 1744 3602 Ἀρίμνη-

975 3619 1035 3651 στον
1047 3603 1189 3652 ιιατιλθόντ”
1203 3604 1252 3651 ἀπὸ
1266 3603 1309 3661 τῆς
1322 3602 1400 3665 φυγῆς
1411 3599 1518 3666 χαλκοῦν
1536 3604 1650 3668 ἀνάθημα
1666 3605 1690 3654 ἀν
1705 3605 1742 3670 τῷ

975 3669 1033 3734 lepti)
1052 3671 1096 3728 τῆς
1111 3671 1195 3733 Ἥρας
1217 3667 1338 3718 διναθιῑναι
1362 3670 1407 3726 τήν
1437 3667 1568 3734 διόμιτρον
1590 3670 1647 3734 ἀχον
1671 3670 1743 3733 δγγθς

975 3734 1020 3850 gria
1031 3737 1140 3801 πηχέων,
1160 3726 1188 3852 οξ
1204 3736 1345 3802 ἐπίγραμμα
1356 3728 1386 3794 ἦν
1397 3734 1592 3800 ἐγγεγραμμένον
1607 3738 1679 3787 rode·
1694 3739 1744 3788 11υ·

991 3818 1124 3868 ιιγοφιωιι.
1137 3819 1160 3851 τ.
1191 3838 1197 3852 .
1691 3821 1693 3824 ·

1007 3946 1061 3995 LV.
1076 3943 1165 3996 Edidit
1176 3951 1235 4010 post
1247 3944 1314 3994 alios
1329 3942 1471 3994 Boechhins
1487 3943 1575 4008 (Corp.
1588 3949 1606 3992 t.
1622 3943 1644 4002 I,
1660 3959 1686 4008 p.
1702 3945 1742 4000 39,

974 4027 1001 4060 n.
1015 4013 1056 4074 21)
1071 4012 1140 4062 hanc
1150 4010 1348 4076 inscriptionem
1359 4025 1389 4059 ex
1401 4010 1592 4074 Peloponneso,
1604 4017 1634 4060 ut
1650 4010 1743 4066 lertnr,

974 4079 1110 4128 Anconam
1122 4078 1246 4128 delatam.
1258 4077 1412 4126 Welckerus
1426 4075 1471 4141 qui
1482 4092 1541 4126 eam
1557 4091 1660 4154 quoque
1673 4077 1744 4127 dedit

974 4145 1000 4194 in
1022 4145 1112 4209 Epipr.
1136 4144 1226 4209 Spicil.
1247 4143 1294 4194 ull.
1319 4159 1344 4208 p.
1354 4145 1378 4202 7,
1397 4159 1447 4208 sq.,
1471 4143 1617 4194 rectissime
1630 4142 1742 4209 judicat,

974 4211 1022 4260 fllii
1045 4209 1188 4275 matrisque
1209 4209 1359 4260 nominibus
1383 4224 1421 4258 rs.
1454 4211 1468 4257 2
1493 4208 1600 4275 positis,
1629 4216 1743 4261 statuam

973 4276 1082 4327 infantis
1110 4293 1201 4327 recens
1224 4276 1280 4326 nati
1305 4291 1321 4326 a
1345 4291 1476 4341 puerpera
1496 4293 1525 4325 ex
1547 4283 1606 4326 voto
1628 4277 1744 4326 dicatam

974 4343 1065 4394 Dianae
1087 4343 1198 4408 Ilithyiaa
1214 4343 1369 4408 significari,
1385 4349 1413 4391 ut
1430 4341 1456 4392 in
1472 4343 1594 4408 Sapphus
1614 4342 1745 4407 epigram-

973 4419 1043 4460 mate
1062 4409 1152 4461 Aristo
1171 4411 1263 4474 puellae
1285 4425 1377 4460 recens
1398 4415 1467 4458 natae
1489 4407 1632 4474 imaginem
1652 4408 1743 4459 Dianae

971 4485 1118 4528 consecrat.
1135 4504 1165 4513 -
1176 4476 1293 4541 Repetiit
1306 4477 1424 4526 Philetas
1436 4474 1546 4540 Cyprius
1563 4475 1590 4525 in
1604 4477 1658 4539 Νέᾳ
1677 4477 1744 4525 urv-

971 4544 1040 4609 δώρᾳ
1055 4545 1128 4600 1861,
1147 4559 1173 4608 p.
1188 4545 1245 4600 599,
1259 4558 1285 4603 ιι,
1300 4543 1374 4606 cujus
1395 4540 1521 4591 lectiones
1535 4541 1692 4606 recepimus.
1711 4570 1743 4578 —

974 4611 1019 4660 Vs.
1037 4613 1059 4660 1.
1075 4609 1159 4659 Beth.
1176 4625 1182 4658 τ
1198 4611 1277 4673 ίίρησ“
1291 4611 1373 4659 ὠδῖσιν
1391 4609 1528 4672 [sperarat
1546 4635 1576 4644 -
1591 4609 1636 4657 Vs.
1651 4611 1676 4656 2.
1696 4623 1744 4672 pro

973 4676 1079 4727 nomine
1092 4675 1175 4741 patris
1192 4675 1260 4741 quod
1279 4675 1416 4726 videbatur
1433 4673 1574 4734 incertum,
1588 4674 1744 4725 Welckerus

973 4743 1132 4808 conjiciebat
1148 4745 1229 4808 '‘Epo,
1250 4744 1282 4792 ab
1299 4743 1375 4806 ’Ἔρος
1386 4763 1397 4786 ιι
1415 4755 1473 4804 quas
1492 4755 1539 4789 vox
1557 4741 1648 4790 eadem
1666 4749 1743 4804 atque

975 4813 1073 4872 ’Ἔρωςι
1084 4829 1096 4853 ν
1106 4810 1155 4858 hoc
1164 4825 1257 4859 nomen
1267 4809 1324 4873 jam
1337 4815 1466 4858 statuerat
1478 4805 1612 4856 Cominus.
1622 4835 1652 4843 -
1664 4807 1709 4856 Vs.
1719 4809 1742 4858 3.

974 4877 1012 4927 De
1026 4875 1106 4924 Pario
1121 4875 1222 4926 artifice
1241 4876 1343 4933 Colota,
1358 4875 1410 4924 vid.
1429 4874 1544 4923 Pausan.
1566 4874 1598 4926 V,
1615 4875 1656 4922 29.
1673 4872 1743 4922 Scri-

974 4944 1052 4992 bebat
1068 4941 1193 4992 Corsinus
1208 4942 1282 4991 ιιαλόν
1297 4943 1370 4991 Διάιο
1383 4941 1463 5006 ἔργον,
1481 4938 1525 4989 ιιθὶ
1537 4938 1684 5004 justissime
1696 4955 1742 4988 no-

974 5017 1013 5058 tat
1033 5008 1151 5058 Philetas
1174 5009 1334 5072 ταυτολογίαν
1348 5007 1374 5056 in
1394 5005 1481 5056 verbis
1499 5007 1596 5070 ποίημα
1614 5013 1640 5055 et
1660 5007 1742 5068 ἔργον.

974 5076 1063 5138 Longe
1083 5074 1159 5124 aliter
1177 5073 1291 5124 restituit
1306 5077 1336 5124 G.
1357 5071 1505 5133 unibertus,
1520 5089 1558 5122 vs.
1577 5075 1602 5124 2.
1622 5073 1744 5137 otpolt]-

973 5143 1054 5204 που[ς,
1072 5141 1217 5206 θυ]γ[ί]τιρ.
1235 5142 1281 5190 Vs.
1301 5143 1389 5191 2.1ὀι7
1404 5142 1499 5208 Παρίου
1515 5141 1609 5202 ποίημα
1625 5139 1744 5200 Κριτωνί-

973 5210 1021 5258 διω
1042 5203 1147 5274 εὔχομαι
1167 5200 1238 5258 ιίναι.
1264 5208 1367 5257 Νοιιιοιι
1389 5207 1540 5270 conjecerat
1563 5205 1742 5257 Kirchholliue

973 5293 1141 5354 metretam
1154 5290 1224 5358 lapis
1240 5292 1322 5344 nara
1343 5278 1740 5366 ksltssoslsJAEOEYIC.

1583 5385 1600 5440 t
